%YAML 1.1
%TAG !u! tag:unity3d.com,2011:
--- !u!1001 &100100000
Prefab:
  m_ObjectHideFlags: 1
  serializedVersion: 2
  m_Modification:
    m_TransformParent: {fileID: 0}
    m_Modifications: []
    m_RemovedComponents: []
  m_SourcePrefab: {fileID: 0}
  m_RootGameObject: {fileID: 1828287657475810}
  m_IsPrefabAsset: 1
--- !u!1 &1828287657475810
GameObject:
  m_ObjectHideFlags: 0
  m_CorrespondingSourceObject: {fileID: 0}
  m_PrefabInternal: {fileID: 100100000}
  serializedVersion: 6
  m_Component:
  - component: {fileID: 4851512631783642}
  - component: {fileID: 218807306965538796}
  - component: {fileID: 154066970200808054}
  m_Layer: 0
  m_Name: SlimeRaidTerrain
  m_TagString: Untagged
  m_Icon: {fileID: 0}
  m_NavMeshLayer: 0
  m_StaticEditorFlags: 4294967294
  m_IsActive: 0
--- !u!4 &4851512631783642
Transform:
  m_ObjectHideFlags: 1
  m_CorrespondingSourceObject: {fileID: 0}
  m_PrefabInternal: {fileID: 100100000}
  m_GameObject: {fileID: 1828287657475810}
  m_LocalRotation: {x: -0, y: -0, z: -0, w: 1}
  m_LocalPosition: {x: -60, y: -15, z: -30.66}
  m_LocalScale: {x: 1, y: 1, z: 1}
  m_Children: []
  m_Father: {fileID: 0}
  m_RootOrder: 0
  m_LocalEulerAnglesHint: {x: 0, y: 0, z: 0}
--- !u!154 &154066970200808054
TerrainCollider:
  m_ObjectHideFlags: 1
  m_CorrespondingSourceObject: {fileID: 0}
  m_PrefabInternal: {fileID: 100100000}
  m_GameObject: {fileID: 1828287657475810}
  m_Material: {fileID: 0}
  m_Enabled: 1
  m_TerrainData: {fileID: 15600000, guid: 32355ebbc4b599a4188fbd138c915758, type: 2}
  m_EnableTreeColliders: 0
--- !u!218 &218807306965538796
Terrain:
  m_ObjectHideFlags: 1
  m_CorrespondingSourceObject: {fileID: 0}
  m_PrefabInternal: {fileID: 100100000}
  m_GameObject: {fileID: 1828287657475810}
  m_Enabled: 1
  serializedVersion: 3
  m_TerrainData: {fileID: 15600000, guid: 32355ebbc4b599a4188fbd138c915758, type: 2}
  m_TreeDistance: 2000
  m_TreeBillboardDistance: 50
  m_TreeCrossFadeLength: 5
  m_TreeMaximumFullLODCount: 50
  m_DetailObjectDistance: 80
  m_DetailObjectDensity: 1
  m_HeightmapPixelError: 5
  m_SplatMapDistance: 1000
  m_HeightmapMaximumLOD: 0
  m_CastShadows: 0
  m_DrawHeightmap: 1
  m_DrawTreesAndFoliage: 1
  m_ReflectionProbeUsage: 1
  m_MaterialType: 1
  m_LegacySpecular:
    serializedVersion: 2
    rgba: 4286545791
  m_LegacyShininess: 0.078125
  m_MaterialTemplate: {fileID: 0}
  m_BakeLightProbesForTrees: 1
  m_PreserveTreePrototypeLayers: 0
  m_ScaleInLightmap: 0.08533333
  m_LightmapParameters: {fileID: 15203, guid: 0000000000000000f000000000000000, type: 0}
