%YAML 1.1
%TAG !u! tag:unity3d.com,2011:
--- !u!1001 &100100000
Prefab:
  m_ObjectHideFlags: 1
  serializedVersion: 2
  m_Modification:
    m_TransformParent: {fileID: 0}
    m_Modifications: []
    m_RemovedComponents: []
  m_SourcePrefab: {fileID: 0}
  m_RootGameObject: {fileID: 1751401377036212}
  m_IsPrefabAsset: 1
--- !u!1 &1751401377036212
GameObject:
  m_ObjectHideFlags: 0
  m_CorrespondingSourceObject: {fileID: 0}
  m_PrefabInternal: {fileID: 100100000}
  serializedVersion: 6
  m_Component:
  - component: {fileID: 4487104686421936}
  - component: {fileID: 218461159972186322}
  - component: {fileID: 154079599724011766}
  m_Layer: 0
  m_Name: TutorialTerrain
  m_TagString: Untagged
  m_Icon: {fileID: 0}
  m_NavMeshLayer: 0
  m_StaticEditorFlags: 4294967294
  m_IsActive: 0
--- !u!4 &4487104686421936
Transform:
  m_ObjectHideFlags: 1
  m_CorrespondingSourceObject: {fileID: 0}
  m_PrefabInternal: {fileID: 100100000}
  m_GameObject: {fileID: 1751401377036212}
  m_LocalRotation: {x: -0, y: -0, z: -0, w: 1}
  m_LocalPosition: {x: -8.014286, y: -2.221271, z: -9.940983}
  m_LocalScale: {x: 1, y: 1, z: 1}
  m_Children: []
  m_Father: {fileID: 0}
  m_RootOrder: 0
  m_LocalEulerAnglesHint: {x: 0, y: 0, z: 0}
--- !u!154 &154079599724011766
TerrainCollider:
  m_ObjectHideFlags: 1
  m_CorrespondingSourceObject: {fileID: 0}
  m_PrefabInternal: {fileID: 100100000}
  m_GameObject: {fileID: 1751401377036212}
  m_Material: {fileID: 0}
  m_Enabled: 1
  m_TerrainData: {fileID: 15600000, guid: 7cdf2f0af0548924fbc0122cee789e29, type: 2}
  m_EnableTreeColliders: 0
--- !u!218 &218461159972186322
Terrain:
  m_ObjectHideFlags: 1
  m_CorrespondingSourceObject: {fileID: 0}
  m_PrefabInternal: {fileID: 100100000}
  m_GameObject: {fileID: 1751401377036212}
  m_Enabled: 1
  serializedVersion: 3
  m_TerrainData: {fileID: 15600000, guid: 7cdf2f0af0548924fbc0122cee789e29, type: 2}
  m_TreeDistance: 0
  m_TreeBillboardDistance: 5
  m_TreeCrossFadeLength: 0
  m_TreeMaximumFullLODCount: 0
  m_DetailObjectDistance: 0
  m_DetailObjectDensity: 0
  m_HeightmapPixelError: 4
  m_SplatMapDistance: 500
  m_HeightmapMaximumLOD: 0
  m_CastShadows: 0
  m_DrawHeightmap: 1
  m_DrawTreesAndFoliage: 0
  m_ReflectionProbeUsage: 1
  m_MaterialType: 1
  m_LegacySpecular:
    serializedVersion: 2
    rgba: 4286545791
  m_LegacyShininess: 0.078125
  m_MaterialTemplate: {fileID: 0}
  m_BakeLightProbesForTrees: 0
  m_PreserveTreePrototypeLayers: 0
  m_ScaleInLightmap: 1
  m_LightmapParameters: {fileID: 15204, guid: 0000000000000000f000000000000000, type: 0}
