%YAML 1.1
%TAG !u! tag:unity3d.com,2011:
--- !u!1 &102478
GameObject:
  m_ObjectHideFlags: 0
  m_PrefabParentObject: {fileID: 0}
  m_PrefabInternal: {fileID: 100100000}
  serializedVersion: 4
  m_Component:
  - 4: {fileID: 439994}
  m_Layer: 0
  m_Name: RigRLegPlatform
  m_TagString: Untagged
  m_Icon: {fileID: 0}
  m_NavMeshLayer: 0
  m_StaticEditorFlags: 0
  m_IsActive: 1
--- !u!1 &103528
GameObject:
  m_ObjectHideFlags: 1
  m_PrefabParentObject: {fileID: 0}
  m_PrefabInternal: {fileID: 100100000}
  serializedVersion: 4
  m_Component:
  - 4: {fileID: 433494}
  m_Layer: 0
  m_Name: RigRArmPalm
  m_TagString: Untagged
  m_Icon: {fileID: 0}
  m_NavMeshLayer: 0
  m_StaticEditorFlags: 0
  m_IsActive: 1
--- !u!1 &105858
GameObject:
  m_ObjectHideFlags: 1
  m_PrefabParentObject: {fileID: 0}
  m_PrefabInternal: {fileID: 100100000}
  serializedVersion: 4
  m_Component:
  - 4: {fileID: 477470}
  m_Layer: 0
  m_Name: RigLLeg2
  m_TagString: Untagged
  m_Icon: {fileID: 0}
  m_NavMeshLayer: 0
  m_StaticEditorFlags: 0
  m_IsActive: 1
--- !u!1 &106726
GameObject:
  m_ObjectHideFlags: 0
  m_PrefabParentObject: {fileID: 0}
  m_PrefabInternal: {fileID: 100100000}
  serializedVersion: 4
  m_Component:
  - 4: {fileID: 441074}
  m_Layer: 0
  m_Name: RigRibcageGizmo
  m_TagString: Untagged
  m_Icon: {fileID: 0}
  m_NavMeshLayer: 0
  m_StaticEditorFlags: 0
  m_IsActive: 1
--- !u!1 &108216
GameObject:
  m_ObjectHideFlags: 1
  m_PrefabParentObject: {fileID: 0}
  m_PrefabInternal: {fileID: 100100000}
  serializedVersion: 4
  m_Component:
  - 4: {fileID: 426630}
  m_Layer: 0
  m_Name: RigLArm2
  m_TagString: Untagged
  m_Icon: {fileID: 0}
  m_NavMeshLayer: 0
  m_StaticEditorFlags: 0
  m_IsActive: 1
--- !u!1 &109008
GameObject:
  m_ObjectHideFlags: 1
  m_PrefabParentObject: {fileID: 0}
  m_PrefabInternal: {fileID: 100100000}
  serializedVersion: 4
  m_Component:
  - 4: {fileID: 478200}
  m_Layer: 0
  m_Name: RigLArmPalm
  m_TagString: Untagged
  m_Icon: {fileID: 0}
  m_NavMeshLayer: 0
  m_StaticEditorFlags: 0
  m_IsActive: 1
--- !u!1 &113040
GameObject:
  m_ObjectHideFlags: 1
  m_PrefabParentObject: {fileID: 0}
  m_PrefabInternal: {fileID: 100100000}
  serializedVersion: 4
  m_Component:
  - 4: {fileID: 469134}
  m_Layer: 0
  m_Name: RigTail4
  m_TagString: Untagged
  m_Icon: {fileID: 0}
  m_NavMeshLayer: 0
  m_StaticEditorFlags: 0
  m_IsActive: 1
--- !u!1 &113416
GameObject:
  m_ObjectHideFlags: 1
  m_PrefabParentObject: {fileID: 0}
  m_PrefabInternal: {fileID: 100100000}
  serializedVersion: 4
  m_Component:
  - 4: {fileID: 490030}
  m_Layer: 0
  m_Name: RigSpine2
  m_TagString: Untagged
  m_Icon: {fileID: 0}
  m_NavMeshLayer: 0
  m_StaticEditorFlags: 0
  m_IsActive: 1
--- !u!1 &117908
GameObject:
  m_ObjectHideFlags: 0
  m_PrefabParentObject: {fileID: 0}
  m_PrefabInternal: {fileID: 100100000}
  serializedVersion: 4
  m_Component:
  - 4: {fileID: 412122}
  m_Layer: 0
  m_Name: RigLArmPalmGizmo
  m_TagString: Untagged
  m_Icon: {fileID: 0}
  m_NavMeshLayer: 0
  m_StaticEditorFlags: 0
  m_IsActive: 1
--- !u!1 &119720
GameObject:
  m_ObjectHideFlags: 1
  m_PrefabParentObject: {fileID: 0}
  m_PrefabInternal: {fileID: 100100000}
  serializedVersion: 4
  m_Component:
  - 4: {fileID: 483250}
  m_Layer: 0
  m_Name: RigNeck
  m_TagString: Untagged
  m_Icon: {fileID: 0}
  m_NavMeshLayer: 0
  m_StaticEditorFlags: 0
  m_IsActive: 1
--- !u!1 &121124
GameObject:
  m_ObjectHideFlags: 1
  m_PrefabParentObject: {fileID: 0}
  m_PrefabInternal: {fileID: 100100000}
  serializedVersion: 4
  m_Component:
  - 4: {fileID: 427670}
  m_Layer: 0
  m_Name: RigRLegFoot1
  m_TagString: Untagged
  m_Icon: {fileID: 0}
  m_NavMeshLayer: 0
  m_StaticEditorFlags: 0
  m_IsActive: 1
--- !u!1 &123640
GameObject:
  m_ObjectHideFlags: 1
  m_PrefabParentObject: {fileID: 0}
  m_PrefabInternal: {fileID: 100100000}
  serializedVersion: 4
  m_Component:
  - 4: {fileID: 402084}
  m_Layer: 0
  m_Name: Dummy-RHandWeapon
  m_TagString: Untagged
  m_Icon: {fileID: 0}
  m_NavMeshLayer: 0
  m_StaticEditorFlags: 0
  m_IsActive: 1
--- !u!1 &125594
GameObject:
  m_ObjectHideFlags: 1
  m_PrefabParentObject: {fileID: 0}
  m_PrefabInternal: {fileID: 100100000}
  serializedVersion: 4
  m_Component:
  - 4: {fileID: 429040}
  m_Layer: 0
  m_Name: RigLLegAnkle
  m_TagString: Untagged
  m_Icon: {fileID: 0}
  m_NavMeshLayer: 0
  m_StaticEditorFlags: 0
  m_IsActive: 1
--- !u!1 &127466
GameObject:
  m_ObjectHideFlags: 1
  m_PrefabParentObject: {fileID: 0}
  m_PrefabInternal: {fileID: 100100000}
  serializedVersion: 4
  m_Component:
  - 4: {fileID: 477240}
  m_Layer: 0
  m_Name: RigTail3
  m_TagString: Untagged
  m_Icon: {fileID: 0}
  m_NavMeshLayer: 0
  m_StaticEditorFlags: 0
  m_IsActive: 1
--- !u!1 &130470
GameObject:
  m_ObjectHideFlags: 1
  m_PrefabParentObject: {fileID: 0}
  m_PrefabInternal: {fileID: 100100000}
  serializedVersion: 4
  m_Component:
  - 4: {fileID: 405156}
  m_Layer: 0
  m_Name: RigSpine1
  m_TagString: Untagged
  m_Icon: {fileID: 0}
  m_NavMeshLayer: 0
  m_StaticEditorFlags: 0
  m_IsActive: 1
--- !u!1 &131828
GameObject:
  m_ObjectHideFlags: 0
  m_PrefabParentObject: {fileID: 0}
  m_PrefabInternal: {fileID: 100100000}
  serializedVersion: 4
  m_Component:
  - 4: {fileID: 419220}
  m_Layer: 0
  m_Name: RigHeadGizmo
  m_TagString: Untagged
  m_Icon: {fileID: 0}
  m_NavMeshLayer: 0
  m_StaticEditorFlags: 0
  m_IsActive: 1
--- !u!1 &132386
GameObject:
  m_ObjectHideFlags: 0
  m_PrefabParentObject: {fileID: 0}
  m_PrefabInternal: {fileID: 100100000}
  serializedVersion: 4
  m_Component:
  - 4: {fileID: 405724}
  m_Layer: 0
  m_Name: Rig
  m_TagString: Untagged
  m_Icon: {fileID: 0}
  m_NavMeshLayer: 0
  m_StaticEditorFlags: 0
  m_IsActive: 1
--- !u!1 &134928
GameObject:
  m_ObjectHideFlags: 1
  m_PrefabParentObject: {fileID: 0}
  m_PrefabInternal: {fileID: 100100000}
  serializedVersion: 4
  m_Component:
  - 4: {fileID: 415130}
  m_Layer: 0
  m_Name: RigLLeg1
  m_TagString: Untagged
  m_Icon: {fileID: 0}
  m_NavMeshLayer: 0
  m_StaticEditorFlags: 0
  m_IsActive: 1
--- !u!1 &136982
GameObject:
  m_ObjectHideFlags: 0
  m_PrefabParentObject: {fileID: 0}
  m_PrefabInternal: {fileID: 100100000}
  serializedVersion: 4
  m_Component:
  - 4: {fileID: 438596}
  m_Layer: 0
  m_Name: RigLLegPlatform
  m_TagString: Untagged
  m_Icon: {fileID: 0}
  m_NavMeshLayer: 0
  m_StaticEditorFlags: 0
  m_IsActive: 1
--- !u!1 &142810
GameObject:
  m_ObjectHideFlags: 0
  m_PrefabParentObject: {fileID: 0}
  m_PrefabInternal: {fileID: 100100000}
  serializedVersion: 4
  m_Component:
  - 4: {fileID: 427116}
  m_Layer: 0
  m_Name: RigPelvis
  m_TagString: Untagged
  m_Icon: {fileID: 0}
  m_NavMeshLayer: 0
  m_StaticEditorFlags: 0
  m_IsActive: 1
--- !u!1 &143950
GameObject:
  m_ObjectHideFlags: 0
  m_PrefabParentObject: {fileID: 0}
  m_PrefabInternal: {fileID: 100100000}
  serializedVersion: 4
  m_Component:
  - 4: {fileID: 497130}
  m_Layer: 0
  m_Name: RigPelvisGizmo
  m_TagString: Untagged
  m_Icon: {fileID: 0}
  m_NavMeshLayer: 0
  m_StaticEditorFlags: 0
  m_IsActive: 1
--- !u!1 &144740
GameObject:
  m_ObjectHideFlags: 0
  m_PrefabParentObject: {fileID: 0}
  m_PrefabInternal: {fileID: 100100000}
  serializedVersion: 4
  m_Component:
  - 4: {fileID: 469716}
  - 137: {fileID: 13768552}
  m_Layer: 0
  m_Name: Toon Druid
  m_TagString: Untagged
  m_Icon: {fileID: 0}
  m_NavMeshLayer: 0
  m_StaticEditorFlags: 0
  m_IsActive: 1
--- !u!1 &148060
GameObject:
  m_ObjectHideFlags: 0
  m_PrefabParentObject: {fileID: 0}
  m_PrefabInternal: {fileID: 100100000}
  serializedVersion: 4
  m_Component:
  - 4: {fileID: 465442}
  m_Layer: 0
  m_Name: RigTail1Gizmo
  m_TagString: Untagged
  m_Icon: {fileID: 0}
  m_NavMeshLayer: 0
  m_StaticEditorFlags: 0
  m_IsActive: 1
--- !u!1 &148574
GameObject:
  m_ObjectHideFlags: 1
  m_PrefabParentObject: {fileID: 0}
  m_PrefabInternal: {fileID: 100100000}
  serializedVersion: 4
  m_Component:
  - 4: {fileID: 438778}
  m_Layer: 0
  m_Name: RigRLegAnkle
  m_TagString: Untagged
  m_Icon: {fileID: 0}
  m_NavMeshLayer: 0
  m_StaticEditorFlags: 0
  m_IsActive: 1
--- !u!1 &149230
GameObject:
  m_ObjectHideFlags: 1
  m_PrefabParentObject: {fileID: 0}
  m_PrefabInternal: {fileID: 100100000}
  serializedVersion: 4
  m_Component:
  - 4: {fileID: 441342}
  m_Layer: 0
  m_Name: RigRArm1
  m_TagString: Untagged
  m_Icon: {fileID: 0}
  m_NavMeshLayer: 0
  m_StaticEditorFlags: 0
  m_IsActive: 1
--- !u!1 &150172
GameObject:
  m_ObjectHideFlags: 1
  m_PrefabParentObject: {fileID: 0}
  m_PrefabInternal: {fileID: 100100000}
  serializedVersion: 4
  m_Component:
  - 4: {fileID: 457878}
  m_Layer: 0
  m_Name: RigTail1
  m_TagString: Untagged
  m_Icon: {fileID: 0}
  m_NavMeshLayer: 0
  m_StaticEditorFlags: 0
  m_IsActive: 1
--- !u!1 &152526
GameObject:
  m_ObjectHideFlags: 0
  m_PrefabParentObject: {fileID: 0}
  m_PrefabInternal: {fileID: 100100000}
  serializedVersion: 4
  m_Component:
  - 4: {fileID: 415058}
  m_Layer: 0
  m_Name: RigRArm1Gizmo
  m_TagString: Untagged
  m_Icon: {fileID: 0}
  m_NavMeshLayer: 0
  m_StaticEditorFlags: 0
  m_IsActive: 1
--- !u!1 &155866
GameObject:
  m_ObjectHideFlags: 1
  m_PrefabParentObject: {fileID: 0}
  m_PrefabInternal: {fileID: 100100000}
  serializedVersion: 4
  m_Component:
  - 4: {fileID: 469806}
  m_Layer: 0
  m_Name: RigTail2
  m_TagString: Untagged
  m_Icon: {fileID: 0}
  m_NavMeshLayer: 0
  m_StaticEditorFlags: 0
  m_IsActive: 1
--- !u!1 &156352
GameObject:
  m_ObjectHideFlags: 1
  m_PrefabParentObject: {fileID: 0}
  m_PrefabInternal: {fileID: 100100000}
  serializedVersion: 4
  m_Component:
  - 4: {fileID: 486780}
  m_Layer: 0
  m_Name: RigHead
  m_TagString: Untagged
  m_Icon: {fileID: 0}
  m_NavMeshLayer: 0
  m_StaticEditorFlags: 0
  m_IsActive: 1
--- !u!1 &157504
GameObject:
  m_ObjectHideFlags: 1
  m_PrefabParentObject: {fileID: 0}
  m_PrefabInternal: {fileID: 100100000}
  serializedVersion: 4
  m_Component:
  - 4: {fileID: 476696}
  m_Layer: 0
  m_Name: RigLLegFoot1
  m_TagString: Untagged
  m_Icon: {fileID: 0}
  m_NavMeshLayer: 0
  m_StaticEditorFlags: 0
  m_IsActive: 1
--- !u!1 &159946
GameObject:
  m_ObjectHideFlags: 0
  m_PrefabParentObject: {fileID: 0}
  m_PrefabInternal: {fileID: 100100000}
  serializedVersion: 4
  m_Component:
  - 4: {fileID: 480582}
  - 95: {fileID: 9590926}
  m_Layer: 0
  m_Name: Toon Druid Green
  m_TagString: Untagged
  m_Icon: {fileID: 0}
  m_NavMeshLayer: 0
  m_StaticEditorFlags: 0
  m_IsActive: 1
--- !u!1 &160078
GameObject:
  m_ObjectHideFlags: 0
  m_PrefabParentObject: {fileID: 0}
  m_PrefabInternal: {fileID: 100100000}
  serializedVersion: 4
  m_Component:
  - 4: {fileID: 419686}
  m_Layer: 0
  m_Name: RigLArm1Gizmo
  m_TagString: Untagged
  m_Icon: {fileID: 0}
  m_NavMeshLayer: 0
  m_StaticEditorFlags: 0
  m_IsActive: 1
--- !u!1 &162302
GameObject:
  m_ObjectHideFlags: 0
  m_PrefabParentObject: {fileID: 0}
  m_PrefabInternal: {fileID: 100100000}
  serializedVersion: 4
  m_Component:
  - 4: {fileID: 457298}
  m_Layer: 0
  m_Name: RigTail2Gizmo
  m_TagString: Untagged
  m_Icon: {fileID: 0}
  m_NavMeshLayer: 0
  m_StaticEditorFlags: 0
  m_IsActive: 1
--- !u!1 &165446
GameObject:
  m_ObjectHideFlags: 1
  m_PrefabParentObject: {fileID: 0}
  m_PrefabInternal: {fileID: 100100000}
  serializedVersion: 4
  m_Component:
  - 4: {fileID: 499358}
  - 33: {fileID: 3323320}
  - 23: {fileID: 2324228}
  m_Layer: 0
  m_Name: Wand
  m_TagString: Untagged
  m_Icon: {fileID: 0}
  m_NavMeshLayer: 0
  m_StaticEditorFlags: 0
  m_IsActive: 1
--- !u!1 &166618
GameObject:
  m_ObjectHideFlags: 1
  m_PrefabParentObject: {fileID: 0}
  m_PrefabInternal: {fileID: 100100000}
  serializedVersion: 4
  m_Component:
  - 4: {fileID: 466110}
  m_Layer: 0
  m_Name: RigRLeg2
  m_TagString: Untagged
  m_Icon: {fileID: 0}
  m_NavMeshLayer: 0
  m_StaticEditorFlags: 0
  m_IsActive: 1
--- !u!1 &170438
GameObject:
  m_ObjectHideFlags: 1
  m_PrefabParentObject: {fileID: 0}
  m_PrefabInternal: {fileID: 100100000}
  serializedVersion: 4
  m_Component:
  - 4: {fileID: 441760}
  m_Layer: 0
  m_Name: RigRibcage
  m_TagString: Untagged
  m_Icon: {fileID: 0}
  m_NavMeshLayer: 0
  m_StaticEditorFlags: 0
  m_IsActive: 1
--- !u!1 &171482
GameObject:
  m_ObjectHideFlags: 0
  m_PrefabParentObject: {fileID: 0}
  m_PrefabInternal: {fileID: 100100000}
  serializedVersion: 4
  m_Component:
  - 4: {fileID: 434132}
  m_Layer: 0
  m_Name: RigRArmPalmGizmo
  m_TagString: Untagged
  m_Icon: {fileID: 0}
  m_NavMeshLayer: 0
  m_StaticEditorFlags: 0
  m_IsActive: 1
--- !u!1 &174842
GameObject:
  m_ObjectHideFlags: 0
  m_PrefabParentObject: {fileID: 0}
  m_PrefabInternal: {fileID: 100100000}
  serializedVersion: 4
  m_Component:
  - 4: {fileID: 498098}
  m_Layer: 0
  m_Name: RigRArm2Gizmo
  m_TagString: Untagged
  m_Icon: {fileID: 0}
  m_NavMeshLayer: 0
  m_StaticEditorFlags: 0
  m_IsActive: 1
--- !u!1 &181286
GameObject:
  m_ObjectHideFlags: 1
  m_PrefabParentObject: {fileID: 0}
  m_PrefabInternal: {fileID: 100100000}
  serializedVersion: 4
  m_Component:
  - 4: {fileID: 498722}
  m_Layer: 0
  m_Name: RigRArm2
  m_TagString: Untagged
  m_Icon: {fileID: 0}
  m_NavMeshLayer: 0
  m_StaticEditorFlags: 0
  m_IsActive: 1
--- !u!1 &184704
GameObject:
  m_ObjectHideFlags: 1
  m_PrefabParentObject: {fileID: 0}
  m_PrefabInternal: {fileID: 100100000}
  serializedVersion: 4
  m_Component:
  - 4: {fileID: 473046}
  m_Layer: 0
  m_Name: Dummy-LHandWeapon
  m_TagString: Untagged
  m_Icon: {fileID: 0}
  m_NavMeshLayer: 0
  m_StaticEditorFlags: 0
  m_IsActive: 1
--- !u!1 &185500
GameObject:
  m_ObjectHideFlags: 1
  m_PrefabParentObject: {fileID: 0}
  m_PrefabInternal: {fileID: 100100000}
  serializedVersion: 4
  m_Component:
  - 4: {fileID: 426508}
  m_Layer: 0
  m_Name: RigRLeg1
  m_TagString: Untagged
  m_Icon: {fileID: 0}
  m_NavMeshLayer: 0
  m_StaticEditorFlags: 0
  m_IsActive: 1
--- !u!1 &187932
GameObject:
  m_ObjectHideFlags: 1
  m_PrefabParentObject: {fileID: 0}
  m_PrefabInternal: {fileID: 100100000}
  serializedVersion: 4
  m_Component:
  - 4: {fileID: 455888}
  m_Layer: 0
  m_Name: RigLArm1
  m_TagString: Untagged
  m_Icon: {fileID: 0}
  m_NavMeshLayer: 0
  m_StaticEditorFlags: 0
  m_IsActive: 1
--- !u!1 &190342
GameObject:
  m_ObjectHideFlags: 0
  m_PrefabParentObject: {fileID: 0}
  m_PrefabInternal: {fileID: 100100000}
  serializedVersion: 4
  m_Component:
  - 4: {fileID: 449088}
  m_Layer: 0
  m_Name: RigLArm2Gizmo
  m_TagString: Untagged
  m_Icon: {fileID: 0}
  m_NavMeshLayer: 0
  m_StaticEditorFlags: 0
  m_IsActive: 1
--- !u!1 &190768
GameObject:
  m_ObjectHideFlags: 0
  m_PrefabParentObject: {fileID: 0}
  m_PrefabInternal: {fileID: 100100000}
  serializedVersion: 4
  m_Component:
  - 4: {fileID: 447242}
  m_Layer: 0
  m_Name: RigTail3Gizmo
  m_TagString: Untagged
  m_Icon: {fileID: 0}
  m_NavMeshLayer: 0
  m_StaticEditorFlags: 0
  m_IsActive: 1
--- !u!1 &193608
GameObject:
  m_ObjectHideFlags: 0
  m_PrefabParentObject: {fileID: 0}
  m_PrefabInternal: {fileID: 100100000}
  serializedVersion: 4
  m_Component:
  - 4: {fileID: 466116}
  m_Layer: 0
  m_Name: RigTail4Gizmo
  m_TagString: Untagged
  m_Icon: {fileID: 0}
  m_NavMeshLayer: 0
  m_StaticEditorFlags: 0
  m_IsActive: 1
--- !u!4 &402084
Transform:
  m_ObjectHideFlags: 1
  m_PrefabParentObject: {fileID: 0}
  m_PrefabInternal: {fileID: 100100000}
  m_GameObject: {fileID: 123640}
  m_LocalRotation: {x: .711226046, y: .702848434, z: -.00741005549, w: .0103290835}
  m_LocalPosition: {x: -.0680688247, y: -.0867265463, z: -.00702441996}
  m_LocalScale: {x: 1.00000012, y: 1.00000012, z: .999999881}
  m_Children:
  - {fileID: 499358}
  m_Father: {fileID: 433494}
  m_RootOrder: 0
--- !u!4 &405156
Transform:
  m_ObjectHideFlags: 1
  m_PrefabParentObject: {fileID: 0}
  m_PrefabInternal: {fileID: 100100000}
  m_GameObject: {fileID: 130470}
  m_LocalRotation: {x: 5.65540462e-11, y: 2.32829395e-10, z: -.00267096609, w: .999996424}
  m_LocalPosition: {x: 0, y: 0, z: 0}
  m_LocalScale: {x: 1.00000012, y: 1.00000012, z: 1}
  m_Children:
  - {fileID: 490030}
  m_Father: {fileID: 427116}
  m_RootOrder: 2
--- !u!4 &405724
Transform:
  m_ObjectHideFlags: 1
  m_PrefabParentObject: {fileID: 0}
  m_PrefabInternal: {fileID: 100100000}
  m_GameObject: {fileID: 132386}
  m_LocalRotation: {x: .50000006, y: -.50000006, z: -.49999997, w: .49999997}
  m_LocalPosition: {x: 0, y: 0, z: 0}
  m_LocalScale: {x: 1, y: 1, z: 1}
  m_Children: []
  m_Father: {fileID: 480582}
  m_RootOrder: 0
--- !u!4 &412122
Transform:
  m_ObjectHideFlags: 1
  m_PrefabParentObject: {fileID: 0}
  m_PrefabInternal: {fileID: 100100000}
  m_GameObject: {fileID: 117908}
  m_LocalRotation: {x: -.0073317606, y: -.0102499984, z: .711227298, w: .70284915}
  m_LocalPosition: {x: -.397153854, y: .26736179, z: -.00873297174}
  m_LocalScale: {x: 1, y: 1, z: 1.00000012}
  m_Children: []
  m_Father: {fileID: 480582}
  m_RootOrder: 4
--- !u!4 &415058
Transform:
  m_ObjectHideFlags: 1
  m_PrefabParentObject: {fileID: 0}
  m_PrefabInternal: {fileID: 100100000}
  m_GameObject: {fileID: 152526}
  m_LocalRotation: {x: .358015925, y: .616318285, z: .629376054, w: .309616148}
  m_LocalPosition: {x: .278141856, y: .449302316, z: .000764409371}
  m_LocalScale: {x: 1.00000012, y: 1, z: 1}
  m_Children: []
  m_Father: {fileID: 480582}
  m_RootOrder: 8
--- !u!4 &415130
Transform:
  m_ObjectHideFlags: 1
  m_PrefabParentObject: {fileID: 0}
  m_PrefabInternal: {fileID: 100100000}
  m_GameObject: {fileID: 134928}
  m_LocalRotation: {x: -.0610834658, y: .998077154, z: .00981987733, w: .00379245006}
  m_LocalPosition: {x: -0, y: 2.08616258e-09, z: .115124226}
  m_LocalScale: {x: 1, y: 1, z: 1}
  m_Children:
  - {fileID: 477470}
  m_Father: {fileID: 427116}
  m_RootOrder: 0
--- !u!4 &419220
Transform:
  m_ObjectHideFlags: 1
  m_PrefabParentObject: {fileID: 0}
  m_PrefabInternal: {fileID: 100100000}
  m_GameObject: {fileID: 131828}
  m_LocalRotation: {x: .50000006, y: -.50000006, z: -.49999997, w: .49999997}
  m_LocalPosition: {x: 7.65512667e-08, y: .87770164, z: -.00168309105}
  m_LocalScale: {x: 1, y: 1, z: 1}
  m_Children: []
  m_Father: {fileID: 480582}
  m_RootOrder: 1
--- !u!4 &419686
Transform:
  m_ObjectHideFlags: 1
  m_PrefabParentObject: {fileID: 0}
  m_PrefabInternal: {fileID: 100100000}
  m_GameObject: {fileID: 160078}
  m_LocalRotation: {x: .629375994, y: .309615999, z: .358015954, w: .616318405}
  m_LocalPosition: {x: -.278141826, y: .449302405, z: .00076432497}
  m_LocalScale: {x: 1, y: .99999994, z: .99999994}
  m_Children: []
  m_Father: {fileID: 480582}
  m_RootOrder: 2
--- !u!4 &426508
Transform:
  m_ObjectHideFlags: 1
  m_PrefabParentObject: {fileID: 0}
  m_PrefabInternal: {fileID: 100100000}
  m_GameObject: {fileID: 185500}
  m_LocalRotation: {x: -.0610838085, y: .998077035, z: -.00981720444, w: -.00383144687}
  m_LocalPosition: {x: 3.81469718e-08, y: 2.16066831e-09, z: -.115124226}
  m_LocalScale: {x: 1, y: 1.00000012, z: 1}
  m_Children:
  - {fileID: 466110}
  m_Father: {fileID: 427116}
  m_RootOrder: 1
--- !u!4 &426630
Transform:
  m_ObjectHideFlags: 1
  m_PrefabParentObject: {fileID: 0}
  m_PrefabInternal: {fileID: 100100000}
  m_GameObject: {fileID: 108216}
  m_LocalRotation: {x: .026262654, y: .0064090658, z: -.0243031047, w: .999339104}
  m_LocalPosition: {x: -.103602313, y: -2.38418574e-09, z: 0}
  m_LocalScale: {x: 1, y: 1, z: .99999994}
  m_Children:
  - {fileID: 478200}
  m_Father: {fileID: 455888}
  m_RootOrder: 0
--- !u!4 &427116
Transform:
  m_ObjectHideFlags: 1
  m_PrefabParentObject: {fileID: 0}
  m_PrefabInternal: {fileID: 100100000}
  m_GameObject: {fileID: 142810}
  m_LocalRotation: {x: .500876069, y: -.499122441, z: -.500876009, w: .499122381}
  m_LocalPosition: {x: 4.36042566e-14, y: .215160251, z: -1.66766796e-07}
  m_LocalScale: {x: 1, y: 1, z: 1}
  m_Children:
  - {fileID: 415130}
  - {fileID: 426508}
  - {fileID: 405156}
  m_Father: {fileID: 480582}
  m_RootOrder: 6
--- !u!4 &427670
Transform:
  m_ObjectHideFlags: 1
  m_PrefabParentObject: {fileID: 0}
  m_PrefabInternal: {fileID: 100100000}
  m_GameObject: {fileID: 121124}
  m_LocalRotation: {x: 1.77816037e-08, y: -2.99948368e-08, z: -.510035038, w: .860153615}
  m_LocalPosition: {x: -.0647965819, y: 2.38418574e-09, z: -9.53674295e-09}
  m_LocalScale: {x: 1, y: 1, z: 1}
  m_Children: []
  m_Father: {fileID: 438778}
  m_RootOrder: 0
--- !u!4 &429040
Transform:
  m_ObjectHideFlags: 1
  m_PrefabParentObject: {fileID: 0}
  m_PrefabInternal: {fileID: 100100000}
  m_GameObject: {fileID: 125594}
  m_LocalRotation: {x: -.00897412468, y: -.00271439413, z: -.340866536, w: .940064967}
  m_LocalPosition: {x: -.0661394522, y: 1.19209287e-09, z: 0}
  m_LocalScale: {x: .999994993, y: 1.00000489, z: .999999642}
  m_Children:
  - {fileID: 476696}
  m_Father: {fileID: 477470}
  m_RootOrder: 0
--- !u!4 &433494
Transform:
  m_ObjectHideFlags: 1
  m_PrefabParentObject: {fileID: 0}
  m_PrefabInternal: {fileID: 100100000}
  m_GameObject: {fileID: 103528}
  m_LocalRotation: {x: .694964826, y: -.210506886, z: .197072119, w: .658690572}
  m_LocalPosition: {x: -.114081666, y: -2.38418574e-09, z: -3.81469718e-08}
  m_LocalScale: {x: 1.00000012, y: 1.00000012, z: 1}
  m_Children:
  - {fileID: 402084}
  m_Father: {fileID: 498722}
  m_RootOrder: 0
--- !u!4 &434132
Transform:
  m_ObjectHideFlags: 1
  m_PrefabParentObject: {fileID: 0}
  m_PrefabInternal: {fileID: 100100000}
  m_GameObject: {fileID: 171482}
  m_LocalRotation: {x: .711224973, y: .7028476, z: -.00748661486, w: -.0104045635}
  m_LocalPosition: {x: .397153795, y: .267361641, z: -.00873285159}
  m_LocalScale: {x: .99999994, y: 1, z: .99999994}
  m_Children: []
  m_Father: {fileID: 480582}
  m_RootOrder: 10
--- !u!4 &438596
Transform:
  m_ObjectHideFlags: 1
  m_PrefabParentObject: {fileID: 0}
  m_PrefabInternal: {fileID: 100100000}
  m_GameObject: {fileID: 136982}
  m_LocalRotation: {x: .50000006, y: -.50000006, z: -.49999997, w: .49999997}
  m_LocalPosition: {x: -.116016574, y: -1.68157504e-14, z: .0293422602}
  m_LocalScale: {x: 1, y: 1, z: 1}
  m_Children: []
  m_Father: {fileID: 480582}
  m_RootOrder: 5
--- !u!4 &438778
Transform:
  m_ObjectHideFlags: 1
  m_PrefabParentObject: {fileID: 0}
  m_PrefabInternal: {fileID: 100100000}
  m_GameObject: {fileID: 148574}
  m_LocalRotation: {x: .00893174391, y: .00275740866, z: -.340861976, w: .940066934}
  m_LocalPosition: {x: -.0661394373, y: 0, z: 9.53674295e-09}
  m_LocalScale: {x: 1.00000489, y: .999994755, z: .999999881}
  m_Children:
  - {fileID: 427670}
  m_Father: {fileID: 466110}
  m_RootOrder: 0
--- !u!4 &439994
Transform:
  m_ObjectHideFlags: 1
  m_PrefabParentObject: {fileID: 0}
  m_PrefabInternal: {fileID: 100100000}
  m_GameObject: {fileID: 102478}
  m_LocalRotation: {x: .50000006, y: -.50000006, z: -.49999997, w: .49999997}
  m_LocalPosition: {x: .116016574, y: -2.29746421e-14, z: .0293422937}
  m_LocalScale: {x: 1, y: 1, z: 1}
  m_Children: []
  m_Father: {fileID: 480582}
  m_RootOrder: 12
--- !u!4 &441074
Transform:
  m_ObjectHideFlags: 1
  m_PrefabParentObject: {fileID: 0}
  m_PrefabInternal: {fileID: 100100000}
  m_GameObject: {fileID: 106726}
  m_LocalRotation: {x: .497598648, y: -.502389967, z: -.497598559, w: .502389908}
  m_LocalPosition: {x: 1.56613638e-08, y: .461704552, z: .000764347904}
  m_LocalScale: {x: 1, y: 1, z: 1}
  m_Children: []
  m_Father: {fileID: 480582}
  m_RootOrder: 11
--- !u!4 &441342
Transform:
  m_ObjectHideFlags: 1
  m_PrefabParentObject: {fileID: 0}
  m_PrefabInternal: {fileID: 100100000}
  m_GameObject: {fileID: 149230}
  m_LocalRotation: {x: .0353120938, y: .956505001, z: -.0162860565, w: -.289112478}
  m_LocalPosition: {x: .0124016954, y: -.000118825432, z: -.278141826}
  m_LocalScale: {x: 1.00000012, y: 1, z: 1}
  m_Children:
  - {fileID: 498722}
  m_Father: {fileID: 441760}
  m_RootOrder: 2
--- !u!4 &441760
Transform:
  m_ObjectHideFlags: 1
  m_PrefabParentObject: {fileID: 0}
  m_PrefabInternal: {fileID: 100100000}
  m_GameObject: {fileID: 170438}
  m_LocalRotation: {x: 4.54423582e-10, y: 5.91949849e-08, z: .00397405168, w: .999992132}
  m_LocalPosition: {x: -.135184139, y: 0, z: -2.2737367e-15}
  m_LocalScale: {x: .99999994, y: .999999881, z: .999999881}
  m_Children:
  - {fileID: 455888}
  - {fileID: 483250}
  - {fileID: 441342}
  - {fileID: 457878}
  m_Father: {fileID: 490030}
  m_RootOrder: 0
--- !u!4 &447242
Transform:
  m_ObjectHideFlags: 1
  m_PrefabParentObject: {fileID: 0}
  m_PrefabInternal: {fileID: 100100000}
  m_GameObject: {fileID: 190768}
  m_LocalRotation: {x: -.209830761, y: -.675256252, z: .20983091, w: .675256312}
  m_LocalPosition: {x: -.154316962, y: .310363233, z: -.580855846}
  m_LocalScale: {x: 1, y: 1, z: 1}
  m_Children: []
  m_Father: {fileID: 480582}
  m_RootOrder: 15
--- !u!4 &449088
Transform:
  m_ObjectHideFlags: 1
  m_PrefabParentObject: {fileID: 0}
  m_PrefabInternal: {fileID: 100100000}
  m_GameObject: {fileID: 190342}
  m_LocalRotation: {x: .635327041, y: .338059664, z: .338703305, w: .606098533}
  m_LocalPosition: {x: -.335322529, y: .363205433, z: -.00638519274}
  m_LocalScale: {x: 1, y: 1, z: 1}
  m_Children: []
  m_Father: {fileID: 480582}
  m_RootOrder: 3
--- !u!4 &455888
Transform:
  m_ObjectHideFlags: 1
  m_PrefabParentObject: {fileID: 0}
  m_PrefabInternal: {fileID: 100100000}
  m_GameObject: {fileID: 187932}
  m_LocalRotation: {x: .0353120975, y: .956505001, z: .0162860639, w: .289112568}
  m_LocalPosition: {x: .012401619, y: -.000118824835, z: .278141826}
  m_LocalScale: {x: 1, y: 1, z: 1}
  m_Children:
  - {fileID: 426630}
  m_Father: {fileID: 441760}
  m_RootOrder: 0
--- !u!4 &457298
Transform:
  m_ObjectHideFlags: 1
  m_PrefabParentObject: {fileID: 0}
  m_PrefabInternal: {fileID: 100100000}
  m_GameObject: {fileID: 162302}
  m_LocalRotation: {x: -.209830761, y: -.675256252, z: .20983091, w: .675256312}
  m_LocalPosition: {x: -.154316947, y: .413866937, z: -.430394799}
  m_LocalScale: {x: 1, y: 1, z: 1}
  m_Children: []
  m_Father: {fileID: 480582}
  m_RootOrder: 14
--- !u!4 &457878
Transform:
  m_ObjectHideFlags: 1
  m_PrefabParentObject: {fileID: 0}
  m_PrefabInternal: {fileID: 100100000}
  m_GameObject: {fileID: 150172}
  m_LocalRotation: {x: 3.52973639e-14, y: 1.71896687e-07, z: .882846951, w: .469660819}
  m_LocalPosition: {x: -.0583533458, y: -.280151814, z: .154316992}
  m_LocalScale: {x: 1.00000012, y: 1.00000012, z: 1}
  m_Children:
  - {fileID: 469806}
  m_Father: {fileID: 441760}
  m_RootOrder: 3
--- !u!4 &465442
Transform:
  m_ObjectHideFlags: 1
  m_PrefabParentObject: {fileID: 0}
  m_PrefabInternal: {fileID: 100100000}
  m_GameObject: {fileID: 148060}
  m_LocalRotation: {x: -.209830761, y: -.675256252, z: .20983091, w: .675256312}
  m_LocalPosition: {x: -.154316932, y: .517370641, z: -.27993378}
  m_LocalScale: {x: 1, y: 1, z: 1}
  m_Children: []
  m_Father: {fileID: 480582}
  m_RootOrder: 13
--- !u!4 &466110
Transform:
  m_ObjectHideFlags: 1
  m_PrefabParentObject: {fileID: 0}
  m_PrefabInternal: {fileID: 100100000}
  m_GameObject: {fileID: 166618}
  m_LocalRotation: {x: -.0194306299, y: -.00388691807, z: .156358674, w: .987501562}
  m_LocalPosition: {x: -.0940693244, y: 0, z: 0}
  m_LocalScale: {x: 1.00000012, y: 1, z: 1.00000012}
  m_Children:
  - {fileID: 438778}
  m_Father: {fileID: 426508}
  m_RootOrder: 0
--- !u!4 &466116
Transform:
  m_ObjectHideFlags: 1
  m_PrefabParentObject: {fileID: 0}
  m_PrefabInternal: {fileID: 100100000}
  m_GameObject: {fileID: 193608}
  m_LocalRotation: {x: -.209830761, y: -.675256252, z: .20983091, w: .675256312}
  m_LocalPosition: {x: -.154316962, y: .206859544, z: -.731316864}
  m_LocalScale: {x: 1, y: 1, z: 1}
  m_Children: []
  m_Father: {fileID: 480582}
  m_RootOrder: 16
--- !u!4 &469134
Transform:
  m_ObjectHideFlags: 1
  m_PrefabParentObject: {fileID: 0}
  m_PrefabInternal: {fileID: 100100000}
  m_GameObject: {fileID: 113040}
  m_LocalRotation: {x: -7.10542736e-15, y: 8.52651283e-14, z: 6.05845175e-28, w: 1}
  m_LocalPosition: {x: -.182624057, y: 0, z: 0}
  m_LocalScale: {x: 1, y: 1, z: 1}
  m_Children: []
  m_Father: {fileID: 477240}
  m_RootOrder: 0
--- !u!4 &469716
Transform:
  m_ObjectHideFlags: 1
  m_PrefabParentObject: {fileID: 0}
  m_PrefabInternal: {fileID: 100100000}
  m_GameObject: {fileID: 144740}
  m_LocalRotation: {x: -.707106829, y: 0, z: -0, w: .707106829}
  m_LocalPosition: {x: 0, y: 0, z: 0}
  m_LocalScale: {x: 1, y: 1, z: 1}
  m_Children: []
  m_Father: {fileID: 480582}
  m_RootOrder: 17
--- !u!4 &469806
Transform:
  m_ObjectHideFlags: 1
  m_PrefabParentObject: {fileID: 0}
  m_PrefabInternal: {fileID: 100100000}
  m_GameObject: {fileID: 155866}
  m_LocalRotation: {x: -7.10542736e-15, y: 8.52651283e-14, z: 6.05845175e-28, w: 1}
  m_LocalPosition: {x: -.182624057, y: -3.81469718e-08, z: 9.53674295e-09}
  m_LocalScale: {x: 1, y: 1, z: 1}
  m_Children:
  - {fileID: 477240}
  m_Father: {fileID: 457878}
  m_RootOrder: 0
--- !u!4 &473046
Transform:
  m_ObjectHideFlags: 1
  m_PrefabParentObject: {fileID: 0}
  m_PrefabInternal: {fileID: 100100000}
  m_GameObject: {fileID: 184704}
  m_LocalRotation: {x: .00741020218, y: .010327152, z: -.711226046, w: .702848434}
  m_LocalPosition: {x: -.0832074732, y: -.0598220415, z: .00720284879}
  m_LocalScale: {x: .999999821, y: .999999881, z: 1.00000012}
  m_Children: []
  m_Father: {fileID: 478200}
  m_RootOrder: 0
--- !u!4 &476696
Transform:
  m_ObjectHideFlags: 1
  m_PrefabParentObject: {fileID: 0}
  m_PrefabInternal: {fileID: 100100000}
  m_GameObject: {fileID: 157504}
  m_LocalRotation: {x: -1.77816375e-08, y: 2.9994851e-08, z: -.510035038, w: .860153615}
  m_LocalPosition: {x: -.0647965819, y: 0, z: 9.53674295e-09}
  m_LocalScale: {x: 1, y: 1, z: 1}
  m_Children: []
  m_Father: {fileID: 429040}
  m_RootOrder: 0
--- !u!4 &477240
Transform:
  m_ObjectHideFlags: 1
  m_PrefabParentObject: {fileID: 0}
  m_PrefabInternal: {fileID: 100100000}
  m_GameObject: {fileID: 127466}
  m_LocalRotation: {x: -7.10542736e-15, y: 8.52651283e-14, z: 6.05845175e-28, w: 1}
  m_LocalPosition: {x: -.182624027, y: 0, z: 9.53674295e-09}
  m_LocalScale: {x: 1, y: 1, z: 1}
  m_Children:
  - {fileID: 469134}
  m_Father: {fileID: 469806}
  m_RootOrder: 0
--- !u!4 &477470
Transform:
  m_ObjectHideFlags: 1
  m_PrefabParentObject: {fileID: 0}
  m_PrefabInternal: {fileID: 100100000}
  m_GameObject: {fileID: 105858}
  m_LocalRotation: {x: .0194630455, y: .00379743055, z: .156358927, w: .987501204}
  m_LocalPosition: {x: -.0940693244, y: 0, z: 0}
  m_LocalScale: {x: .99999994, y: 1.00000036, z: 1.00000024}
  m_Children:
  - {fileID: 429040}
  m_Father: {fileID: 415130}
  m_RootOrder: 0
--- !u!4 &478200
Transform:
  m_ObjectHideFlags: 1
  m_PrefabParentObject: {fileID: 0}
  m_PrefabInternal: {fileID: 100100000}
  m_GameObject: {fileID: 109008}
  m_LocalRotation: {x: -.694964826, y: .210505888, z: .197073355, w: .658690572}
  m_LocalPosition: {x: -.114081703, y: 0, z: -3.81469718e-08}
  m_LocalScale: {x: 1, y: .99999994, z: 1}
  m_Children:
  - {fileID: 473046}
  m_Father: {fileID: 426630}
  m_RootOrder: 0
--- !u!4 &480582
Transform:
  m_ObjectHideFlags: 1
  m_PrefabParentObject: {fileID: 0}
  m_PrefabInternal: {fileID: 100100000}
  m_GameObject: {fileID: 159946}
  m_LocalRotation: {x: 0, y: 0, z: 0, w: 1}
  m_LocalPosition: {x: 0, y: 0, z: 0}
  m_LocalScale: {x: 1, y: 1, z: 1}
  m_Children:
  - {fileID: 405724}
  - {fileID: 419220}
  - {fileID: 419686}
  - {fileID: 449088}
  - {fileID: 412122}
  - {fileID: 438596}
  - {fileID: 427116}
  - {fileID: 497130}
  - {fileID: 415058}
  - {fileID: 498098}
  - {fileID: 434132}
  - {fileID: 441074}
  - {fileID: 439994}
  - {fileID: 465442}
  - {fileID: 457298}
  - {fileID: 447242}
  - {fileID: 466116}
  - {fileID: 469716}
  m_Father: {fileID: 0}
  m_RootOrder: 0
--- !u!4 &483250
Transform:
  m_ObjectHideFlags: 1
  m_PrefabParentObject: {fileID: 0}
  m_PrefabInternal: {fileID: 100100000}
  m_GameObject: {fileID: 119720}
  m_LocalRotation: {x: -2.5529906e-10, y: -7.3672588e-08, z: -.00184970791, w: .999998331}
  m_LocalPosition: {x: 0, y: 0, z: 0}
  m_LocalScale: {x: 1.00000012, y: 1.00000012, z: 1.00000012}
  m_Children:
  - {fileID: 486780}
  m_Father: {fileID: 441760}
  m_RootOrder: 1
--- !u!4 &486780
Transform:
  m_ObjectHideFlags: 1
  m_PrefabParentObject: {fileID: 0}
  m_PrefabInternal: {fileID: 100100000}
  m_GameObject: {fileID: 156352}
  m_LocalRotation: {x: -9.59599761e-11, y: 7.27400717e-08, z: -.00294153439, w: .999995708}
  m_LocalPosition: {x: -.4160043, y: 0, z: 0}
  m_LocalScale: {x: .999999881, y: .999999821, z: .999999881}
  m_Children: []
  m_Father: {fileID: 483250}
  m_RootOrder: 0
--- !u!4 &490030
Transform:
  m_ObjectHideFlags: 1
  m_PrefabParentObject: {fileID: 0}
  m_PrefabInternal: {fileID: 100100000}
  m_GameObject: {fileID: 113416}
  m_LocalRotation: {x: 2.55052594e-11, y: -5.8155031e-08, z: .00524185132, w: .999986291}
  m_LocalPosition: {x: -.111364707, y: 1.49011609e-10, z: 4.440892e-18}
  m_LocalScale: {x: 1, y: 1, z: 1.00000012}
  m_Children:
  - {fileID: 441760}
  m_Father: {fileID: 405156}
  m_RootOrder: 0
--- !u!4 &497130
Transform:
  m_ObjectHideFlags: 1
  m_PrefabParentObject: {fileID: 0}
  m_PrefabInternal: {fileID: 100100000}
  m_GameObject: {fileID: 143950}
  m_LocalRotation: {x: .500876069, y: -.499122441, z: -.500876009, w: .499122381}
  m_LocalPosition: {x: 4.36042566e-14, y: .215160251, z: -1.66766796e-07}
  m_LocalScale: {x: 1, y: 1, z: 1}
  m_Children: []
  m_Father: {fileID: 480582}
  m_RootOrder: 7
--- !u!4 &498098
Transform:
  m_ObjectHideFlags: 1
  m_PrefabParentObject: {fileID: 0}
  m_PrefabInternal: {fileID: 100100000}
  m_GameObject: {fileID: 174842}
  m_LocalRotation: {x: .338703215, y: .606098413, z: .635327041, w: .338059783}
  m_LocalPosition: {x: .335322529, y: .363205343, z: -.00638509123}
  m_LocalScale: {x: 1.00000012, y: 1, z: 1.00000012}
  m_Children: []
  m_Father: {fileID: 480582}
  m_RootOrder: 9
--- !u!4 &498722
Transform:
  m_ObjectHideFlags: 1
  m_PrefabParentObject: {fileID: 0}
  m_PrefabInternal: {fileID: 100100000}
  m_GameObject: {fileID: 181286}
  m_LocalRotation: {x: -.0262626559, y: -.00640908023, z: -.0243031029, w: .999339104}
  m_LocalPosition: {x: -.103602327, y: -2.38418574e-09, z: 0}
  m_LocalScale: {x: 1.00000012, y: 1, z: 1}
  m_Children:
  - {fileID: 433494}
  m_Father: {fileID: 441342}
  m_RootOrder: 0
--- !u!4 &499358
Transform:
  m_ObjectHideFlags: 1
  m_PrefabParentObject: {fileID: 0}
  m_PrefabInternal: {fileID: 100100000}
  m_GameObject: {fileID: 165446}
  m_LocalRotation: {x: -.707106829, y: 0, z: 0, w: .707106709}
  m_LocalPosition: {x: -.013723392, y: -.00722587574, z: .000173931141}
  m_LocalScale: {x: 1, y: 1, z: .999999642}
  m_Children: []
  m_Father: {fileID: 402084}
  m_RootOrder: 0
--- !u!23 &2324228
MeshRenderer:
  m_ObjectHideFlags: 1
  m_PrefabParentObject: {fileID: 0}
  m_PrefabInternal: {fileID: 100100000}
  m_GameObject: {fileID: 165446}
  m_Enabled: 1
  m_CastShadows: 1
  m_ReceiveShadows: 1
  m_Materials:
  - {fileID: 2100000, guid: d45aef1bc1496ec4482152b0b17f2e7c, type: 2}
  m_SubsetIndices: 
  m_StaticBatchRoot: {fileID: 0}
  m_UseLightProbes: 1
  m_ReflectionProbeUsage: 1
  m_ProbeAnchor: {fileID: 0}
  m_ScaleInLightmap: 1
  m_PreserveUVs: 0
  m_ImportantGI: 0
  m_AutoUVMaxDistance: .5
  m_AutoUVMaxAngle: 89
  m_LightmapParameters: {fileID: 0}
  m_SortingLayerID: 0
  m_SortingOrder: 0
--- !u!33 &3323320
MeshFilter:
  m_ObjectHideFlags: 1
  m_PrefabParentObject: {fileID: 0}
  m_PrefabInternal: {fileID: 100100000}
  m_GameObject: {fileID: 165446}
  m_Mesh: {fileID: 4300000, guid: ff7065f24e9eb354da88fc0e954447d2, type: 3}
--- !u!95 &9590926
Animator:
  serializedVersion: 3
  m_ObjectHideFlags: 1
  m_PrefabParentObject: {fileID: 0}
  m_PrefabInternal: {fileID: 100100000}
  m_GameObject: {fileID: 159946}
  m_Enabled: 1
  m_Avatar: {fileID: 9000000, guid: ff7065f24e9eb354da88fc0e954447d2, type: 3}
  m_Controller: {fileID: 9100000, guid: afbca263b331f4c46b8a2ba73ba87ced, type: 2}
  m_CullingMode: 1
  m_UpdateMode: 0
  m_ApplyRootMotion: 1
  m_LinearVelocityBlending: 0
  m_WarningMessage: 
  m_HasTransformHierarchy: 1
  m_AllowConstantClipSamplingOptimization: 1
--- !u!137 &13768552
SkinnedMeshRenderer:
  m_ObjectHideFlags: 1
  m_PrefabParentObject: {fileID: 0}
  m_PrefabInternal: {fileID: 100100000}
  m_GameObject: {fileID: 144740}
  m_Enabled: 1
  m_CastShadows: 1
  m_ReceiveShadows: 1
  m_Materials:
  - {fileID: 2100000, guid: d45aef1bc1496ec4482152b0b17f2e7c, type: 2}
  m_SubsetIndices: 
  m_StaticBatchRoot: {fileID: 0}
  m_UseLightProbes: 1
  m_ReflectionProbeUsage: 1
  m_ProbeAnchor: {fileID: 0}
  m_ScaleInLightmap: 1
  m_PreserveUVs: 0
  m_ImportantGI: 0
  m_AutoUVMaxDistance: .5
  m_AutoUVMaxAngle: 89
  m_LightmapParameters: {fileID: 0}
  m_SortingLayerID: 0
  m_SortingOrder: 0
  serializedVersion: 2
  m_Quality: 0
  m_UpdateWhenOffscreen: 0
  m_Mesh: {fileID: 4300002, guid: ff7065f24e9eb354da88fc0e954447d2, type: 3}
  m_Bones:
  - {fileID: 486780}
  - {fileID: 427116}
  - {fileID: 426508}
  - {fileID: 415130}
  - {fileID: 441760}
  - {fileID: 405156}
  - {fileID: 490030}
  - {fileID: 438778}
  - {fileID: 427670}
  - {fileID: 466110}
  - {fileID: 429040}
  - {fileID: 477470}
  - {fileID: 476696}
  - {fileID: 433494}
  - {fileID: 498722}
  - {fileID: 441342}
  - {fileID: 426630}
  - {fileID: 478200}
  - {fileID: 455888}
  m_BlendShapeWeights: []
  m_RootBone: {fileID: 427116}
  m_AABB:
    m_Center: {x: -.533694744, y: -.00259193778, z: 0}
    m_Extent: {x: .794088602, y: .458308548, z: .834872961}
  m_DirtyAABB: 0
--- !u!1001 &100100000
Prefab:
  m_ObjectHideFlags: 1
  serializedVersion: 2
  m_Modification:
    m_TransformParent: {fileID: 0}
    m_Modifications:
    - target: {fileID: 0}
      propertyPath: m_LocalPosition.x
      value: 0
      objectReference: {fileID: 0}
    m_RemovedComponents: []
  m_ParentPrefab: {fileID: 0}
  m_RootGameObject: {fileID: 159946}
  m_IsPrefabParent: 1
