%YAML 1.1
%TAG !u! tag:unity3d.com,2011:
--- !u!1 &100554
GameObject:
  m_ObjectHideFlags: 0
  m_PrefabParentObject: {fileID: 0}
  m_PrefabInternal: {fileID: 100100000}
  serializedVersion: 4
  m_Component:
  - 4: {fileID: 491624}
  m_Layer: 0
  m_Name: RigRArmPalmGizmo
  m_TagString: Untagged
  m_Icon: {fileID: 0}
  m_NavMeshLayer: 0
  m_StaticEditorFlags: 0
  m_IsActive: 1
--- !u!1 &100626
GameObject:
  m_ObjectHideFlags: 1
  m_PrefabParentObject: {fileID: 0}
  m_PrefabInternal: {fileID: 100100000}
  serializedVersion: 4
  m_Component:
  - 4: {fileID: 476530}
  m_Layer: 0
  m_Name: RigLLeg2
  m_TagString: Untagged
  m_Icon: {fileID: 0}
  m_NavMeshLayer: 0
  m_StaticEditorFlags: 0
  m_IsActive: 1
--- !u!1 &102504
GameObject:
  m_ObjectHideFlags: 0
  m_PrefabParentObject: {fileID: 0}
  m_PrefabInternal: {fileID: 100100000}
  serializedVersion: 4
  m_Component:
  - 4: {fileID: 454244}
  - 111: {fileID: 11102300}
  m_Layer: 0
  m_Name: Toon Paladin Red
  m_TagString: Untagged
  m_Icon: {fileID: 0}
  m_NavMeshLayer: 0
  m_StaticEditorFlags: 0
  m_IsActive: 1
--- !u!1 &105186
GameObject:
  m_ObjectHideFlags: 0
  m_PrefabParentObject: {fileID: 0}
  m_PrefabInternal: {fileID: 100100000}
  serializedVersion: 4
  m_Component:
  - 4: {fileID: 496614}
  m_Layer: 0
  m_Name: RigTail1Gizmo
  m_TagString: Untagged
  m_Icon: {fileID: 0}
  m_NavMeshLayer: 0
  m_StaticEditorFlags: 0
  m_IsActive: 1
--- !u!1 &105998
GameObject:
  m_ObjectHideFlags: 1
  m_PrefabParentObject: {fileID: 0}
  m_PrefabInternal: {fileID: 100100000}
  serializedVersion: 4
  m_Component:
  - 4: {fileID: 425612}
  m_Layer: 0
  m_Name: RigRLegFoot1
  m_TagString: Untagged
  m_Icon: {fileID: 0}
  m_NavMeshLayer: 0
  m_StaticEditorFlags: 0
  m_IsActive: 1
--- !u!1 &106556
GameObject:
  m_ObjectHideFlags: 0
  m_PrefabParentObject: {fileID: 0}
  m_PrefabInternal: {fileID: 100100000}
  serializedVersion: 4
  m_Component:
  - 4: {fileID: 442810}
  m_Layer: 0
  m_Name: RigRArm2Gizmo
  m_TagString: Untagged
  m_Icon: {fileID: 0}
  m_NavMeshLayer: 0
  m_StaticEditorFlags: 0
  m_IsActive: 1
--- !u!1 &109668
GameObject:
  m_ObjectHideFlags: 0
  m_PrefabParentObject: {fileID: 0}
  m_PrefabInternal: {fileID: 100100000}
  serializedVersion: 4
  m_Component:
  - 4: {fileID: 456298}
  m_Layer: 0
  m_Name: RigPelvisGizmo
  m_TagString: Untagged
  m_Icon: {fileID: 0}
  m_NavMeshLayer: 0
  m_StaticEditorFlags: 0
  m_IsActive: 1
--- !u!1 &112366
GameObject:
  m_ObjectHideFlags: 1
  m_PrefabParentObject: {fileID: 0}
  m_PrefabInternal: {fileID: 100100000}
  serializedVersion: 4
  m_Component:
  - 4: {fileID: 417900}
  m_Layer: 0
  m_Name: RigNeck
  m_TagString: Untagged
  m_Icon: {fileID: 0}
  m_NavMeshLayer: 0
  m_StaticEditorFlags: 0
  m_IsActive: 1
--- !u!1 &115158
GameObject:
  m_ObjectHideFlags: 0
  m_PrefabParentObject: {fileID: 0}
  m_PrefabInternal: {fileID: 100100000}
  serializedVersion: 4
  m_Component:
  - 4: {fileID: 443442}
  m_Layer: 0
  m_Name: RigHeadGizmo
  m_TagString: Untagged
  m_Icon: {fileID: 0}
  m_NavMeshLayer: 0
  m_StaticEditorFlags: 0
  m_IsActive: 1
--- !u!1 &115324
GameObject:
  m_ObjectHideFlags: 1
  m_PrefabParentObject: {fileID: 0}
  m_PrefabInternal: {fileID: 100100000}
  serializedVersion: 4
  m_Component:
  - 4: {fileID: 499932}
  m_Layer: 0
  m_Name: RigTail1
  m_TagString: Untagged
  m_Icon: {fileID: 0}
  m_NavMeshLayer: 0
  m_StaticEditorFlags: 0
  m_IsActive: 1
--- !u!1 &115656
GameObject:
  m_ObjectHideFlags: 0
  m_PrefabParentObject: {fileID: 0}
  m_PrefabInternal: {fileID: 100100000}
  serializedVersion: 4
  m_Component:
  - 4: {fileID: 443430}
  m_Layer: 0
  m_Name: RigLArm2Gizmo
  m_TagString: Untagged
  m_Icon: {fileID: 0}
  m_NavMeshLayer: 0
  m_StaticEditorFlags: 0
  m_IsActive: 1
--- !u!1 &118824
GameObject:
  m_ObjectHideFlags: 1
  m_PrefabParentObject: {fileID: 0}
  m_PrefabInternal: {fileID: 100100000}
  serializedVersion: 4
  m_Component:
  - 4: {fileID: 415886}
  m_Layer: 0
  m_Name: RigLArm1
  m_TagString: Untagged
  m_Icon: {fileID: 0}
  m_NavMeshLayer: 0
  m_StaticEditorFlags: 0
  m_IsActive: 1
--- !u!1 &120680
GameObject:
  m_ObjectHideFlags: 0
  m_PrefabParentObject: {fileID: 0}
  m_PrefabInternal: {fileID: 100100000}
  serializedVersion: 4
  m_Component:
  - 4: {fileID: 410406}
  - 137: {fileID: 13781216}
  m_Layer: 0
  m_Name: Toon Paladin
  m_TagString: Untagged
  m_Icon: {fileID: 0}
  m_NavMeshLayer: 0
  m_StaticEditorFlags: 0
  m_IsActive: 1
--- !u!1 &121124
GameObject:
  m_ObjectHideFlags: 1
  m_PrefabParentObject: {fileID: 0}
  m_PrefabInternal: {fileID: 100100000}
  serializedVersion: 4
  m_Component:
  - 4: {fileID: 489632}
  m_Layer: 0
  m_Name: RigHead
  m_TagString: Untagged
  m_Icon: {fileID: 0}
  m_NavMeshLayer: 0
  m_StaticEditorFlags: 0
  m_IsActive: 1
--- !u!1 &122928
GameObject:
  m_ObjectHideFlags: 0
  m_PrefabParentObject: {fileID: 0}
  m_PrefabInternal: {fileID: 100100000}
  serializedVersion: 4
  m_Component:
  - 4: {fileID: 416654}
  m_Layer: 0
  m_Name: Rig
  m_TagString: Untagged
  m_Icon: {fileID: 0}
  m_NavMeshLayer: 0
  m_StaticEditorFlags: 0
  m_IsActive: 1
--- !u!1 &128466
GameObject:
  m_ObjectHideFlags: 0
  m_PrefabParentObject: {fileID: 0}
  m_PrefabInternal: {fileID: 100100000}
  serializedVersion: 4
  m_Component:
  - 4: {fileID: 447128}
  m_Layer: 0
  m_Name: RigLArm1Gizmo
  m_TagString: Untagged
  m_Icon: {fileID: 0}
  m_NavMeshLayer: 0
  m_StaticEditorFlags: 0
  m_IsActive: 1
--- !u!1 &128602
GameObject:
  m_ObjectHideFlags: 0
  m_PrefabParentObject: {fileID: 0}
  m_PrefabInternal: {fileID: 100100000}
  serializedVersion: 4
  m_Component:
  - 4: {fileID: 452338}
  m_Layer: 0
  m_Name: RigLLegPlatform
  m_TagString: Untagged
  m_Icon: {fileID: 0}
  m_NavMeshLayer: 0
  m_StaticEditorFlags: 0
  m_IsActive: 1
--- !u!1 &131890
GameObject:
  m_ObjectHideFlags: 0
  m_PrefabParentObject: {fileID: 0}
  m_PrefabInternal: {fileID: 100100000}
  serializedVersion: 4
  m_Component:
  - 4: {fileID: 469112}
  m_Layer: 0
  m_Name: RigTail3Gizmo
  m_TagString: Untagged
  m_Icon: {fileID: 0}
  m_NavMeshLayer: 0
  m_StaticEditorFlags: 0
  m_IsActive: 1
--- !u!1 &133596
GameObject:
  m_ObjectHideFlags: 1
  m_PrefabParentObject: {fileID: 0}
  m_PrefabInternal: {fileID: 100100000}
  serializedVersion: 4
  m_Component:
  - 4: {fileID: 484886}
  m_Layer: 0
  m_Name: RigTail4
  m_TagString: Untagged
  m_Icon: {fileID: 0}
  m_NavMeshLayer: 0
  m_StaticEditorFlags: 0
  m_IsActive: 1
--- !u!1 &134320
GameObject:
  m_ObjectHideFlags: 1
  m_PrefabParentObject: {fileID: 0}
  m_PrefabInternal: {fileID: 100100000}
  serializedVersion: 4
  m_Component:
  - 4: {fileID: 480790}
  m_Layer: 0
  m_Name: RigSpine2
  m_TagString: Untagged
  m_Icon: {fileID: 0}
  m_NavMeshLayer: 0
  m_StaticEditorFlags: 0
  m_IsActive: 1
--- !u!1 &136526
GameObject:
  m_ObjectHideFlags: 1
  m_PrefabParentObject: {fileID: 0}
  m_PrefabInternal: {fileID: 100100000}
  serializedVersion: 4
  m_Component:
  - 4: {fileID: 431500}
  m_Layer: 0
  m_Name: RigTail3
  m_TagString: Untagged
  m_Icon: {fileID: 0}
  m_NavMeshLayer: 0
  m_StaticEditorFlags: 0
  m_IsActive: 1
--- !u!1 &136956
GameObject:
  m_ObjectHideFlags: 0
  m_PrefabParentObject: {fileID: 0}
  m_PrefabInternal: {fileID: 100100000}
  serializedVersion: 4
  m_Component:
  - 4: {fileID: 447626}
  m_Layer: 0
  m_Name: RigTail2Gizmo
  m_TagString: Untagged
  m_Icon: {fileID: 0}
  m_NavMeshLayer: 0
  m_StaticEditorFlags: 0
  m_IsActive: 1
--- !u!1 &139750
GameObject:
  m_ObjectHideFlags: 1
  m_PrefabParentObject: {fileID: 0}
  m_PrefabInternal: {fileID: 100100000}
  serializedVersion: 4
  m_Component:
  - 4: {fileID: 478160}
  m_Layer: 0
  m_Name: RigSpine1
  m_TagString: Untagged
  m_Icon: {fileID: 0}
  m_NavMeshLayer: 0
  m_StaticEditorFlags: 0
  m_IsActive: 1
--- !u!1 &140140
GameObject:
  m_ObjectHideFlags: 1
  m_PrefabParentObject: {fileID: 0}
  m_PrefabInternal: {fileID: 100100000}
  serializedVersion: 4
  m_Component:
  - 4: {fileID: 476148}
  - 33: {fileID: 3363962}
  - 23: {fileID: 2353092}
  m_Layer: 0
  m_Name: Shield
  m_TagString: Untagged
  m_Icon: {fileID: 0}
  m_NavMeshLayer: 0
  m_StaticEditorFlags: 0
  m_IsActive: 1
--- !u!1 &146794
GameObject:
  m_ObjectHideFlags: 1
  m_PrefabParentObject: {fileID: 0}
  m_PrefabInternal: {fileID: 100100000}
  serializedVersion: 4
  m_Component:
  - 4: {fileID: 463600}
  m_Layer: 0
  m_Name: Dummy-RHandWeapon
  m_TagString: Untagged
  m_Icon: {fileID: 0}
  m_NavMeshLayer: 0
  m_StaticEditorFlags: 0
  m_IsActive: 1
--- !u!1 &151580
GameObject:
  m_ObjectHideFlags: 1
  m_PrefabParentObject: {fileID: 0}
  m_PrefabInternal: {fileID: 100100000}
  serializedVersion: 4
  m_Component:
  - 4: {fileID: 496718}
  m_Layer: 0
  m_Name: RigRArm2
  m_TagString: Untagged
  m_Icon: {fileID: 0}
  m_NavMeshLayer: 0
  m_StaticEditorFlags: 0
  m_IsActive: 1
--- !u!1 &153524
GameObject:
  m_ObjectHideFlags: 0
  m_PrefabParentObject: {fileID: 0}
  m_PrefabInternal: {fileID: 100100000}
  serializedVersion: 4
  m_Component:
  - 4: {fileID: 431338}
  m_Layer: 0
  m_Name: RigLArmPalmGizmo
  m_TagString: Untagged
  m_Icon: {fileID: 0}
  m_NavMeshLayer: 0
  m_StaticEditorFlags: 0
  m_IsActive: 1
--- !u!1 &155372
GameObject:
  m_ObjectHideFlags: 1
  m_PrefabParentObject: {fileID: 0}
  m_PrefabInternal: {fileID: 100100000}
  serializedVersion: 4
  m_Component:
  - 4: {fileID: 434884}
  m_Layer: 0
  m_Name: RigLLegAnkle
  m_TagString: Untagged
  m_Icon: {fileID: 0}
  m_NavMeshLayer: 0
  m_StaticEditorFlags: 0
  m_IsActive: 1
--- !u!1 &156282
GameObject:
  m_ObjectHideFlags: 1
  m_PrefabParentObject: {fileID: 0}
  m_PrefabInternal: {fileID: 100100000}
  serializedVersion: 4
  m_Component:
  - 4: {fileID: 479732}
  m_Layer: 0
  m_Name: RigRibcage
  m_TagString: Untagged
  m_Icon: {fileID: 0}
  m_NavMeshLayer: 0
  m_StaticEditorFlags: 0
  m_IsActive: 1
--- !u!1 &156364
GameObject:
  m_ObjectHideFlags: 1
  m_PrefabParentObject: {fileID: 0}
  m_PrefabInternal: {fileID: 100100000}
  serializedVersion: 4
  m_Component:
  - 4: {fileID: 476538}
  m_Layer: 0
  m_Name: RigLLeg1
  m_TagString: Untagged
  m_Icon: {fileID: 0}
  m_NavMeshLayer: 0
  m_StaticEditorFlags: 0
  m_IsActive: 1
--- !u!1 &157520
GameObject:
  m_ObjectHideFlags: 1
  m_PrefabParentObject: {fileID: 0}
  m_PrefabInternal: {fileID: 100100000}
  serializedVersion: 4
  m_Component:
  - 4: {fileID: 479726}
  m_Layer: 0
  m_Name: RigRLegAnkle
  m_TagString: Untagged
  m_Icon: {fileID: 0}
  m_NavMeshLayer: 0
  m_StaticEditorFlags: 0
  m_IsActive: 1
--- !u!1 &161186
GameObject:
  m_ObjectHideFlags: 0
  m_PrefabParentObject: {fileID: 0}
  m_PrefabInternal: {fileID: 100100000}
  serializedVersion: 4
  m_Component:
  - 4: {fileID: 454036}
  m_Layer: 0
  m_Name: RigRibcageGizmo
  m_TagString: Untagged
  m_Icon: {fileID: 0}
  m_NavMeshLayer: 0
  m_StaticEditorFlags: 0
  m_IsActive: 1
--- !u!1 &164198
GameObject:
  m_ObjectHideFlags: 1
  m_PrefabParentObject: {fileID: 0}
  m_PrefabInternal: {fileID: 100100000}
  serializedVersion: 4
  m_Component:
  - 4: {fileID: 492318}
  m_Layer: 0
  m_Name: RigLArmPalm
  m_TagString: Untagged
  m_Icon: {fileID: 0}
  m_NavMeshLayer: 0
  m_StaticEditorFlags: 0
  m_IsActive: 1
--- !u!1 &164278
GameObject:
  m_ObjectHideFlags: 1
  m_PrefabParentObject: {fileID: 0}
  m_PrefabInternal: {fileID: 100100000}
  serializedVersion: 4
  m_Component:
  - 4: {fileID: 421192}
  m_Layer: 0
  m_Name: RigRArm1
  m_TagString: Untagged
  m_Icon: {fileID: 0}
  m_NavMeshLayer: 0
  m_StaticEditorFlags: 0
  m_IsActive: 1
--- !u!1 &167512
GameObject:
  m_ObjectHideFlags: 1
  m_PrefabParentObject: {fileID: 0}
  m_PrefabInternal: {fileID: 100100000}
  serializedVersion: 4
  m_Component:
  - 4: {fileID: 413400}
  - 33: {fileID: 3387418}
  - 23: {fileID: 2346004}
  m_Layer: 0
  m_Name: Sword
  m_TagString: Untagged
  m_Icon: {fileID: 0}
  m_NavMeshLayer: 0
  m_StaticEditorFlags: 0
  m_IsActive: 1
--- !u!1 &169358
GameObject:
  m_ObjectHideFlags: 1
  m_PrefabParentObject: {fileID: 0}
  m_PrefabInternal: {fileID: 100100000}
  serializedVersion: 4
  m_Component:
  - 4: {fileID: 495204}
  m_Layer: 0
  m_Name: RigLArm2
  m_TagString: Untagged
  m_Icon: {fileID: 0}
  m_NavMeshLayer: 0
  m_StaticEditorFlags: 0
  m_IsActive: 1
--- !u!1 &176222
GameObject:
  m_ObjectHideFlags: 0
  m_PrefabParentObject: {fileID: 0}
  m_PrefabInternal: {fileID: 100100000}
  serializedVersion: 4
  m_Component:
  - 4: {fileID: 456600}
  m_Layer: 0
  m_Name: RigPelvis
  m_TagString: Untagged
  m_Icon: {fileID: 0}
  m_NavMeshLayer: 0
  m_StaticEditorFlags: 0
  m_IsActive: 1
--- !u!1 &176872
GameObject:
  m_ObjectHideFlags: 1
  m_PrefabParentObject: {fileID: 0}
  m_PrefabInternal: {fileID: 100100000}
  serializedVersion: 4
  m_Component:
  - 4: {fileID: 425002}
  m_Layer: 0
  m_Name: Dummy-LHandWeapon
  m_TagString: Untagged
  m_Icon: {fileID: 0}
  m_NavMeshLayer: 0
  m_StaticEditorFlags: 0
  m_IsActive: 1
--- !u!1 &177448
GameObject:
  m_ObjectHideFlags: 0
  m_PrefabParentObject: {fileID: 0}
  m_PrefabInternal: {fileID: 100100000}
  serializedVersion: 4
  m_Component:
  - 4: {fileID: 472804}
  m_Layer: 0
  m_Name: RigRLegPlatform
  m_TagString: Untagged
  m_Icon: {fileID: 0}
  m_NavMeshLayer: 0
  m_StaticEditorFlags: 0
  m_IsActive: 1
--- !u!1 &178164
GameObject:
  m_ObjectHideFlags: 0
  m_PrefabParentObject: {fileID: 0}
  m_PrefabInternal: {fileID: 100100000}
  serializedVersion: 4
  m_Component:
  - 4: {fileID: 408248}
  m_Layer: 0
  m_Name: RigRArm1Gizmo
  m_TagString: Untagged
  m_Icon: {fileID: 0}
  m_NavMeshLayer: 0
  m_StaticEditorFlags: 0
  m_IsActive: 1
--- !u!1 &179610
GameObject:
  m_ObjectHideFlags: 1
  m_PrefabParentObject: {fileID: 0}
  m_PrefabInternal: {fileID: 100100000}
  serializedVersion: 4
  m_Component:
  - 4: {fileID: 480940}
  m_Layer: 0
  m_Name: RigTail2
  m_TagString: Untagged
  m_Icon: {fileID: 0}
  m_NavMeshLayer: 0
  m_StaticEditorFlags: 0
  m_IsActive: 1
--- !u!1 &182690
GameObject:
  m_ObjectHideFlags: 0
  m_PrefabParentObject: {fileID: 0}
  m_PrefabInternal: {fileID: 100100000}
  serializedVersion: 4
  m_Component:
  - 4: {fileID: 445458}
  m_Layer: 0
  m_Name: RigTail4Gizmo
  m_TagString: Untagged
  m_Icon: {fileID: 0}
  m_NavMeshLayer: 0
  m_StaticEditorFlags: 0
  m_IsActive: 1
--- !u!1 &185334
GameObject:
  m_ObjectHideFlags: 1
  m_PrefabParentObject: {fileID: 0}
  m_PrefabInternal: {fileID: 100100000}
  serializedVersion: 4
  m_Component:
  - 4: {fileID: 465330}
  m_Layer: 0
  m_Name: RigRLeg2
  m_TagString: Untagged
  m_Icon: {fileID: 0}
  m_NavMeshLayer: 0
  m_StaticEditorFlags: 0
  m_IsActive: 1
--- !u!1 &185410
GameObject:
  m_ObjectHideFlags: 1
  m_PrefabParentObject: {fileID: 0}
  m_PrefabInternal: {fileID: 100100000}
  serializedVersion: 4
  m_Component:
  - 4: {fileID: 425412}
  m_Layer: 0
  m_Name: RigRLeg1
  m_TagString: Untagged
  m_Icon: {fileID: 0}
  m_NavMeshLayer: 0
  m_StaticEditorFlags: 0
  m_IsActive: 1
--- !u!1 &186716
GameObject:
  m_ObjectHideFlags: 1
  m_PrefabParentObject: {fileID: 0}
  m_PrefabInternal: {fileID: 100100000}
  serializedVersion: 4
  m_Component:
  - 4: {fileID: 444916}
  m_Layer: 0
  m_Name: RigLLegFoot1
  m_TagString: Untagged
  m_Icon: {fileID: 0}
  m_NavMeshLayer: 0
  m_StaticEditorFlags: 0
  m_IsActive: 1
--- !u!1 &195078
GameObject:
  m_ObjectHideFlags: 1
  m_PrefabParentObject: {fileID: 0}
  m_PrefabInternal: {fileID: 100100000}
  serializedVersion: 4
  m_Component:
  - 4: {fileID: 453234}
  m_Layer: 0
  m_Name: RigRArmPalm
  m_TagString: Untagged
  m_Icon: {fileID: 0}
  m_NavMeshLayer: 0
  m_StaticEditorFlags: 0
  m_IsActive: 1
--- !u!4 &408248
Transform:
  m_ObjectHideFlags: 1
  m_PrefabParentObject: {fileID: 0}
  m_PrefabInternal: {fileID: 100100000}
  m_GameObject: {fileID: 178164}
  m_LocalRotation: {x: .358015925, y: .616318285, z: .629376054, w: .309616148}
  m_LocalPosition: {x: .278141856, y: .449302316, z: .000764409371}
  m_LocalScale: {x: 1.00000012, y: 1, z: 1}
  m_Children: []
  m_Father: {fileID: 454244}
  m_RootOrder: 8
--- !u!4 &410406
Transform:
  m_ObjectHideFlags: 1
  m_PrefabParentObject: {fileID: 0}
  m_PrefabInternal: {fileID: 100100000}
  m_GameObject: {fileID: 120680}
  m_LocalRotation: {x: -.707106829, y: 0, z: -0, w: .707106829}
  m_LocalPosition: {x: 0, y: 0, z: 0}
  m_LocalScale: {x: 1, y: 1, z: 1}
  m_Children: []
  m_Father: {fileID: 454244}
  m_RootOrder: 17
--- !u!4 &413400
Transform:
  m_ObjectHideFlags: 1
  m_PrefabParentObject: {fileID: 0}
  m_PrefabInternal: {fileID: 100100000}
  m_GameObject: {fileID: 167512}
  m_LocalRotation: {x: -.707106829, y: 0, z: 0, w: .707106709}
  m_LocalPosition: {x: .00233167643, y: -.00993225072, z: .000607185357}
  m_LocalScale: {x: 1, y: 1, z: .999999583}
  m_Children: []
  m_Father: {fileID: 463600}
  m_RootOrder: 0
--- !u!4 &415886
Transform:
  m_ObjectHideFlags: 1
  m_PrefabParentObject: {fileID: 0}
  m_PrefabInternal: {fileID: 100100000}
  m_GameObject: {fileID: 118824}
  m_LocalRotation: {x: .0353120975, y: .956505001, z: .0162860639, w: .289112568}
  m_LocalPosition: {x: .012401619, y: -.000118824835, z: .278141826}
  m_LocalScale: {x: 1, y: 1, z: 1}
  m_Children:
  - {fileID: 495204}
  m_Father: {fileID: 479732}
  m_RootOrder: 0
--- !u!4 &416654
Transform:
  m_ObjectHideFlags: 1
  m_PrefabParentObject: {fileID: 0}
  m_PrefabInternal: {fileID: 100100000}
  m_GameObject: {fileID: 122928}
  m_LocalRotation: {x: .50000006, y: -.50000006, z: -.49999997, w: .49999997}
  m_LocalPosition: {x: 0, y: 0, z: 0}
  m_LocalScale: {x: 1, y: 1, z: 1}
  m_Children: []
  m_Father: {fileID: 454244}
  m_RootOrder: 0
--- !u!4 &417900
Transform:
  m_ObjectHideFlags: 1
  m_PrefabParentObject: {fileID: 0}
  m_PrefabInternal: {fileID: 100100000}
  m_GameObject: {fileID: 112366}
  m_LocalRotation: {x: -2.5529906e-10, y: -7.3672588e-08, z: -.00184970791, w: .999998331}
  m_LocalPosition: {x: 0, y: 0, z: 0}
  m_LocalScale: {x: 1.00000012, y: 1.00000012, z: 1.00000012}
  m_Children:
  - {fileID: 489632}
  m_Father: {fileID: 479732}
  m_RootOrder: 1
--- !u!4 &421192
Transform:
  m_ObjectHideFlags: 1
  m_PrefabParentObject: {fileID: 0}
  m_PrefabInternal: {fileID: 100100000}
  m_GameObject: {fileID: 164278}
  m_LocalRotation: {x: .0353120938, y: .956505001, z: -.0162860565, w: -.289112478}
  m_LocalPosition: {x: .0124016954, y: -.000118825432, z: -.278141826}
  m_LocalScale: {x: 1.00000012, y: 1, z: 1}
  m_Children:
  - {fileID: 496718}
  m_Father: {fileID: 479732}
  m_RootOrder: 2
--- !u!4 &425002
Transform:
  m_ObjectHideFlags: 1
  m_PrefabParentObject: {fileID: 0}
  m_PrefabInternal: {fileID: 100100000}
  m_GameObject: {fileID: 176872}
  m_LocalRotation: {x: .00741020218, y: .010327152, z: -.711226046, w: .702848434}
  m_LocalPosition: {x: -.0832074732, y: -.0598220415, z: .00720284879}
  m_LocalScale: {x: .999999821, y: .999999881, z: 1.00000012}
  m_Children:
  - {fileID: 476148}
  m_Father: {fileID: 492318}
  m_RootOrder: 0
--- !u!4 &425412
Transform:
  m_ObjectHideFlags: 1
  m_PrefabParentObject: {fileID: 0}
  m_PrefabInternal: {fileID: 100100000}
  m_GameObject: {fileID: 185410}
  m_LocalRotation: {x: -.0610838085, y: .998077035, z: -.00981720444, w: -.00383144687}
  m_LocalPosition: {x: 3.81469718e-08, y: 2.16066831e-09, z: -.115124226}
  m_LocalScale: {x: 1, y: 1.00000012, z: 1}
  m_Children:
  - {fileID: 465330}
  m_Father: {fileID: 456600}
  m_RootOrder: 1
--- !u!4 &425612
Transform:
  m_ObjectHideFlags: 1
  m_PrefabParentObject: {fileID: 0}
  m_PrefabInternal: {fileID: 100100000}
  m_GameObject: {fileID: 105998}
  m_LocalRotation: {x: -1.78087357e-05, y: 3.00336997e-05, z: -.510180473, w: .860067368}
  m_LocalPosition: {x: -.0647965893, y: -2.38418574e-09, z: 9.53674295e-09}
  m_LocalScale: {x: 1.00000012, y: 1.00000012, z: 1}
  m_Children: []
  m_Father: {fileID: 479726}
  m_RootOrder: 0
--- !u!4 &431338
Transform:
  m_ObjectHideFlags: 1
  m_PrefabParentObject: {fileID: 0}
  m_PrefabInternal: {fileID: 100100000}
  m_GameObject: {fileID: 153524}
  m_LocalRotation: {x: -.00733166048, y: -.0102498988, z: .711227298, w: .70284915}
  m_LocalPosition: {x: -.397153854, y: .26736179, z: -.00873297174}
  m_LocalScale: {x: 1, y: .99999994, z: 1.00000012}
  m_Children: []
  m_Father: {fileID: 454244}
  m_RootOrder: 4
--- !u!4 &431500
Transform:
  m_ObjectHideFlags: 1
  m_PrefabParentObject: {fileID: 0}
  m_PrefabInternal: {fileID: 100100000}
  m_GameObject: {fileID: 136526}
  m_LocalRotation: {x: -4.26325675e-14, y: 0, z: -0, w: 1}
  m_LocalPosition: {x: -.134282395, y: 0, z: 0}
  m_LocalScale: {x: .99999994, y: .99999994, z: 1}
  m_Children:
  - {fileID: 484886}
  m_Father: {fileID: 480940}
  m_RootOrder: 0
--- !u!4 &434884
Transform:
  m_ObjectHideFlags: 1
  m_PrefabParentObject: {fileID: 0}
  m_PrefabInternal: {fileID: 100100000}
  m_GameObject: {fileID: 155372}
  m_LocalRotation: {x: -.00897413958, y: -.00271439413, z: -.340866536, w: .940064967}
  m_LocalPosition: {x: -.0661394447, y: 1.19209287e-09, z: 0}
  m_LocalScale: {x: .999994695, y: 1.00000513, z: .999999642}
  m_Children:
  - {fileID: 444916}
  m_Father: {fileID: 476530}
  m_RootOrder: 0
--- !u!4 &442810
Transform:
  m_ObjectHideFlags: 1
  m_PrefabParentObject: {fileID: 0}
  m_PrefabInternal: {fileID: 100100000}
  m_GameObject: {fileID: 106556}
  m_LocalRotation: {x: .338703215, y: .606098413, z: .635327041, w: .338059783}
  m_LocalPosition: {x: .335322529, y: .363205343, z: -.00638509123}
  m_LocalScale: {x: 1.00000012, y: 1, z: 1.00000012}
  m_Children: []
  m_Father: {fileID: 454244}
  m_RootOrder: 9
--- !u!4 &443430
Transform:
  m_ObjectHideFlags: 1
  m_PrefabParentObject: {fileID: 0}
  m_PrefabInternal: {fileID: 100100000}
  m_GameObject: {fileID: 115656}
  m_LocalRotation: {x: .635327041, y: .338059664, z: .338703305, w: .606098533}
  m_LocalPosition: {x: -.335322529, y: .363205433, z: -.00638519274}
  m_LocalScale: {x: 1, y: 1, z: 1}
  m_Children: []
  m_Father: {fileID: 454244}
  m_RootOrder: 3
--- !u!4 &443442
Transform:
  m_ObjectHideFlags: 1
  m_PrefabParentObject: {fileID: 0}
  m_PrefabInternal: {fileID: 100100000}
  m_GameObject: {fileID: 115158}
  m_LocalRotation: {x: .50000006, y: -.50000006, z: -.49999997, w: .49999997}
  m_LocalPosition: {x: 7.65512667e-08, y: .87770164, z: -.00168309105}
  m_LocalScale: {x: 1, y: 1, z: 1}
  m_Children: []
  m_Father: {fileID: 454244}
  m_RootOrder: 1
--- !u!4 &444916
Transform:
  m_ObjectHideFlags: 1
  m_PrefabParentObject: {fileID: 0}
  m_PrefabInternal: {fileID: 100100000}
  m_GameObject: {fileID: 186716}
  m_LocalRotation: {x: -1.77816375e-08, y: 2.9994851e-08, z: -.510035038, w: .860153615}
  m_LocalPosition: {x: -.0647965819, y: 0, z: 9.53674295e-09}
  m_LocalScale: {x: 1, y: 1, z: 1}
  m_Children: []
  m_Father: {fileID: 434884}
  m_RootOrder: 0
--- !u!4 &445458
Transform:
  m_ObjectHideFlags: 1
  m_PrefabParentObject: {fileID: 0}
  m_PrefabInternal: {fileID: 100100000}
  m_GameObject: {fileID: 182690}
  m_LocalRotation: {x: -.276576847, y: -.65077275, z: .276576996, w: .65077281}
  m_LocalPosition: {x: -6.6082082e-09, y: .234165266, z: -.508704543}
  m_LocalScale: {x: 1, y: 1, z: 1}
  m_Children: []
  m_Father: {fileID: 454244}
  m_RootOrder: 16
--- !u!4 &447128
Transform:
  m_ObjectHideFlags: 1
  m_PrefabParentObject: {fileID: 0}
  m_PrefabInternal: {fileID: 100100000}
  m_GameObject: {fileID: 128466}
  m_LocalRotation: {x: .629375994, y: .309615999, z: .358015954, w: .616318405}
  m_LocalPosition: {x: -.278141826, y: .449302405, z: .00076432497}
  m_LocalScale: {x: 1, y: .99999994, z: .99999994}
  m_Children: []
  m_Father: {fileID: 454244}
  m_RootOrder: 2
--- !u!4 &447626
Transform:
  m_ObjectHideFlags: 1
  m_PrefabParentObject: {fileID: 0}
  m_PrefabInternal: {fileID: 100100000}
  m_GameObject: {fileID: 136956}
  m_LocalRotation: {x: -.276576847, y: -.65077275, z: .276576996, w: .65077281}
  m_LocalPosition: {x: 1.53912139e-09, y: .427519828, z: -.322314978}
  m_LocalScale: {x: 1, y: 1, z: 1}
  m_Children: []
  m_Father: {fileID: 454244}
  m_RootOrder: 14
--- !u!4 &452338
Transform:
  m_ObjectHideFlags: 1
  m_PrefabParentObject: {fileID: 0}
  m_PrefabInternal: {fileID: 100100000}
  m_GameObject: {fileID: 128602}
  m_LocalRotation: {x: .50000006, y: -.50000006, z: -.49999997, w: .49999997}
  m_LocalPosition: {x: -.116016574, y: -1.68157504e-14, z: .0293422602}
  m_LocalScale: {x: 1, y: 1, z: 1}
  m_Children: []
  m_Father: {fileID: 454244}
  m_RootOrder: 5
--- !u!4 &453234
Transform:
  m_ObjectHideFlags: 1
  m_PrefabParentObject: {fileID: 0}
  m_PrefabInternal: {fileID: 100100000}
  m_GameObject: {fileID: 195078}
  m_LocalRotation: {x: .694964826, y: -.210506886, z: .197072119, w: .658690572}
  m_LocalPosition: {x: -.114081666, y: -2.38418574e-09, z: -3.81469718e-08}
  m_LocalScale: {x: 1.00000012, y: 1.00000012, z: 1}
  m_Children:
  - {fileID: 463600}
  m_Father: {fileID: 496718}
  m_RootOrder: 0
--- !u!4 &454036
Transform:
  m_ObjectHideFlags: 1
  m_PrefabParentObject: {fileID: 0}
  m_PrefabInternal: {fileID: 100100000}
  m_GameObject: {fileID: 161186}
  m_LocalRotation: {x: .497598648, y: -.502389967, z: -.497598559, w: .502389908}
  m_LocalPosition: {x: 1.56613638e-08, y: .461704552, z: .000764347904}
  m_LocalScale: {x: 1, y: 1, z: 1}
  m_Children: []
  m_Father: {fileID: 454244}
  m_RootOrder: 11
--- !u!4 &454244
Transform:
  m_ObjectHideFlags: 1
  m_PrefabParentObject: {fileID: 0}
  m_PrefabInternal: {fileID: 100100000}
  m_GameObject: {fileID: 102504}
  m_LocalRotation: {x: 0, y: 0, z: 0, w: 1}
  m_LocalPosition: {x: 0, y: 0, z: 0}
  m_LocalScale: {x: 1, y: 1, z: 1}
  m_Children:
  - {fileID: 416654}
  - {fileID: 443442}
  - {fileID: 447128}
  - {fileID: 443430}
  - {fileID: 431338}
  - {fileID: 452338}
  - {fileID: 456600}
  - {fileID: 456298}
  - {fileID: 408248}
  - {fileID: 442810}
  - {fileID: 491624}
  - {fileID: 454036}
  - {fileID: 472804}
  - {fileID: 496614}
  - {fileID: 447626}
  - {fileID: 469112}
  - {fileID: 445458}
  - {fileID: 410406}
  m_Father: {fileID: 0}
  m_RootOrder: 0
--- !u!4 &456298
Transform:
  m_ObjectHideFlags: 1
  m_PrefabParentObject: {fileID: 0}
  m_PrefabInternal: {fileID: 100100000}
  m_GameObject: {fileID: 109668}
  m_LocalRotation: {x: .500876069, y: -.499122441, z: -.500876009, w: .499122381}
  m_LocalPosition: {x: 4.36042566e-14, y: .215160251, z: -1.66766796e-07}
  m_LocalScale: {x: 1, y: 1, z: 1}
  m_Children: []
  m_Father: {fileID: 454244}
  m_RootOrder: 7
--- !u!4 &456600
Transform:
  m_ObjectHideFlags: 1
  m_PrefabParentObject: {fileID: 0}
  m_PrefabInternal: {fileID: 100100000}
  m_GameObject: {fileID: 176222}
  m_LocalRotation: {x: .500876069, y: -.499122441, z: -.500876009, w: .499122381}
  m_LocalPosition: {x: 4.36042566e-14, y: .215160251, z: -1.66766796e-07}
  m_LocalScale: {x: 1, y: 1, z: 1}
  m_Children:
  - {fileID: 476538}
  - {fileID: 425412}
  - {fileID: 478160}
  m_Father: {fileID: 454244}
  m_RootOrder: 6
--- !u!4 &463600
Transform:
  m_ObjectHideFlags: 1
  m_PrefabParentObject: {fileID: 0}
  m_PrefabInternal: {fileID: 100100000}
  m_GameObject: {fileID: 146794}
  m_LocalRotation: {x: .711226046, y: .702848434, z: -.00741005782, w: .0103290873}
  m_LocalPosition: {x: -.0680688247, y: -.0867265463, z: -.00702441856}
  m_LocalScale: {x: 1.00000012, y: 1.00000012, z: .999999881}
  m_Children:
  - {fileID: 413400}
  m_Father: {fileID: 453234}
  m_RootOrder: 0
--- !u!4 &465330
Transform:
  m_ObjectHideFlags: 1
  m_PrefabParentObject: {fileID: 0}
  m_PrefabInternal: {fileID: 100100000}
  m_GameObject: {fileID: 185334}
  m_LocalRotation: {x: -.0194306225, y: -.00388691272, z: .15635854, w: .987501562}
  m_LocalPosition: {x: -.0940693244, y: 0, z: 0}
  m_LocalScale: {x: 1.00000024, y: .999999881, z: 1.00000012}
  m_Children:
  - {fileID: 479726}
  m_Father: {fileID: 425412}
  m_RootOrder: 0
--- !u!4 &469112
Transform:
  m_ObjectHideFlags: 1
  m_PrefabParentObject: {fileID: 0}
  m_PrefabInternal: {fileID: 100100000}
  m_GameObject: {fileID: 131890}
  m_LocalRotation: {x: -.276576847, y: -.65077275, z: .276576996, w: .65077281}
  m_LocalPosition: {x: -2.53454346e-09, y: .330842555, z: -.41550976}
  m_LocalScale: {x: 1, y: 1, z: 1}
  m_Children: []
  m_Father: {fileID: 454244}
  m_RootOrder: 15
--- !u!4 &472804
Transform:
  m_ObjectHideFlags: 1
  m_PrefabParentObject: {fileID: 0}
  m_PrefabInternal: {fileID: 100100000}
  m_GameObject: {fileID: 177448}
  m_LocalRotation: {x: .50000006, y: -.50000006, z: -.49999997, w: .49999997}
  m_LocalPosition: {x: .116016574, y: -2.29746421e-14, z: .0293422937}
  m_LocalScale: {x: 1, y: 1, z: 1}
  m_Children: []
  m_Father: {fileID: 454244}
  m_RootOrder: 12
--- !u!4 &476148
Transform:
  m_ObjectHideFlags: 1
  m_PrefabParentObject: {fileID: 0}
  m_PrefabInternal: {fileID: 100100000}
  m_GameObject: {fileID: 140140}
  m_LocalRotation: {x: -.707106829, y: -3.16101421e-08, z: -9.48304049e-08, w: .707106709}
  m_LocalPosition: {x: -.126918033, y: .0186147112, z: -.0166126825}
  m_LocalScale: {x: 1.00000048, y: 1, z: .999999821}
  m_Children: []
  m_Father: {fileID: 425002}
  m_RootOrder: 0
--- !u!4 &476530
Transform:
  m_ObjectHideFlags: 1
  m_PrefabParentObject: {fileID: 0}
  m_PrefabInternal: {fileID: 100100000}
  m_GameObject: {fileID: 100626}
  m_LocalRotation: {x: .0194630604, y: .00379742845, z: .156358778, w: .987501264}
  m_LocalPosition: {x: -.0940693244, y: 0, z: 0}
  m_LocalScale: {x: 1.00000012, y: 1.00000024, z: 1.00000024}
  m_Children:
  - {fileID: 434884}
  m_Father: {fileID: 476538}
  m_RootOrder: 0
--- !u!4 &476538
Transform:
  m_ObjectHideFlags: 1
  m_PrefabParentObject: {fileID: 0}
  m_PrefabInternal: {fileID: 100100000}
  m_GameObject: {fileID: 156364}
  m_LocalRotation: {x: -.0610834658, y: .998077154, z: .00981987733, w: .00379245006}
  m_LocalPosition: {x: -0, y: 2.08616258e-09, z: .115124226}
  m_LocalScale: {x: 1, y: 1, z: 1}
  m_Children:
  - {fileID: 476530}
  m_Father: {fileID: 456600}
  m_RootOrder: 0
--- !u!4 &478160
Transform:
  m_ObjectHideFlags: 1
  m_PrefabParentObject: {fileID: 0}
  m_PrefabInternal: {fileID: 100100000}
  m_GameObject: {fileID: 139750}
  m_LocalRotation: {x: 5.65540462e-11, y: 2.32829395e-10, z: -.00267096609, w: .999996424}
  m_LocalPosition: {x: 0, y: 0, z: 0}
  m_LocalScale: {x: 1.00000012, y: 1.00000012, z: 1}
  m_Children:
  - {fileID: 480790}
  m_Father: {fileID: 456600}
  m_RootOrder: 2
--- !u!4 &479726
Transform:
  m_ObjectHideFlags: 1
  m_PrefabParentObject: {fileID: 0}
  m_PrefabInternal: {fileID: 100100000}
  m_GameObject: {fileID: 157520}
  m_LocalRotation: {x: .00892028958, y: .00272303307, z: -.340703189, w: .940124691}
  m_LocalPosition: {x: -.0661394522, y: 2.38418574e-09, z: 0}
  m_LocalScale: {x: 1.00000489, y: .999994576, z: .99999994}
  m_Children:
  - {fileID: 425612}
  m_Father: {fileID: 465330}
  m_RootOrder: 0
--- !u!4 &479732
Transform:
  m_ObjectHideFlags: 1
  m_PrefabParentObject: {fileID: 0}
  m_PrefabInternal: {fileID: 100100000}
  m_GameObject: {fileID: 156282}
  m_LocalRotation: {x: 4.54423582e-10, y: 5.91949849e-08, z: .00397405168, w: .999992132}
  m_LocalPosition: {x: -.135184139, y: 0, z: -2.2737367e-15}
  m_LocalScale: {x: .99999994, y: .999999881, z: .999999881}
  m_Children:
  - {fileID: 415886}
  - {fileID: 417900}
  - {fileID: 421192}
  - {fileID: 499932}
  m_Father: {fileID: 480790}
  m_RootOrder: 0
--- !u!4 &480790
Transform:
  m_ObjectHideFlags: 1
  m_PrefabParentObject: {fileID: 0}
  m_PrefabInternal: {fileID: 100100000}
  m_GameObject: {fileID: 134320}
  m_LocalRotation: {x: 2.55052594e-11, y: -5.8155031e-08, z: .00524185132, w: .999986291}
  m_LocalPosition: {x: -.111364707, y: 1.49011609e-10, z: 4.440892e-18}
  m_LocalScale: {x: 1, y: 1, z: 1.00000012}
  m_Children:
  - {fileID: 479732}
  m_Father: {fileID: 478160}
  m_RootOrder: 0
--- !u!4 &480940
Transform:
  m_ObjectHideFlags: 1
  m_PrefabParentObject: {fileID: 0}
  m_PrefabInternal: {fileID: 100100000}
  m_GameObject: {fileID: 179610}
  m_LocalRotation: {x: -4.26325675e-14, y: 0, z: -0, w: 1}
  m_LocalPosition: {x: -.13428241, y: 0, z: 9.09494681e-15}
  m_LocalScale: {x: .99999994, y: .99999994, z: 1}
  m_Children:
  - {fileID: 431500}
  m_Father: {fileID: 499932}
  m_RootOrder: 0
--- !u!4 &484886
Transform:
  m_ObjectHideFlags: 1
  m_PrefabParentObject: {fileID: 0}
  m_PrefabInternal: {fileID: 100100000}
  m_GameObject: {fileID: 133596}
  m_LocalRotation: {x: -4.26325675e-14, y: 0, z: -0, w: 1}
  m_LocalPosition: {x: -.134282395, y: -3.81469718e-08, z: 0}
  m_LocalScale: {x: .99999994, y: .99999994, z: 1}
  m_Children: []
  m_Father: {fileID: 431500}
  m_RootOrder: 0
--- !u!4 &489632
Transform:
  m_ObjectHideFlags: 1
  m_PrefabParentObject: {fileID: 0}
  m_PrefabInternal: {fileID: 100100000}
  m_GameObject: {fileID: 121124}
  m_LocalRotation: {x: -9.59599761e-11, y: 7.27400717e-08, z: -.00294153439, w: .999995708}
  m_LocalPosition: {x: -.4160043, y: 0, z: 0}
  m_LocalScale: {x: .999999881, y: .999999821, z: .999999881}
  m_Children: []
  m_Father: {fileID: 417900}
  m_RootOrder: 0
--- !u!4 &491624
Transform:
  m_ObjectHideFlags: 1
  m_PrefabParentObject: {fileID: 0}
  m_PrefabInternal: {fileID: 100100000}
  m_GameObject: {fileID: 100554}
  m_LocalRotation: {x: .711224973, y: .7028476, z: -.00748666376, w: -.0104046129}
  m_LocalPosition: {x: .397153795, y: .267361641, z: -.00873285159}
  m_LocalScale: {x: .99999994, y: 1, z: 1}
  m_Children: []
  m_Father: {fileID: 454244}
  m_RootOrder: 10
--- !u!4 &492318
Transform:
  m_ObjectHideFlags: 1
  m_PrefabParentObject: {fileID: 0}
  m_PrefabInternal: {fileID: 100100000}
  m_GameObject: {fileID: 164198}
  m_LocalRotation: {x: -.694964826, y: .210505888, z: .197073355, w: .658690572}
  m_LocalPosition: {x: -.114081703, y: 0, z: -3.81469718e-08}
  m_LocalScale: {x: 1, y: .99999994, z: 1}
  m_Children:
  - {fileID: 425002}
  m_Father: {fileID: 495204}
  m_RootOrder: 0
--- !u!4 &495204
Transform:
  m_ObjectHideFlags: 1
  m_PrefabParentObject: {fileID: 0}
  m_PrefabInternal: {fileID: 100100000}
  m_GameObject: {fileID: 169358}
  m_LocalRotation: {x: .026262654, y: .0064090658, z: -.0243031047, w: .999339104}
  m_LocalPosition: {x: -.103602313, y: -2.38418574e-09, z: 0}
  m_LocalScale: {x: 1, y: 1, z: .99999994}
  m_Children:
  - {fileID: 492318}
  m_Father: {fileID: 415886}
  m_RootOrder: 0
--- !u!4 &496614
Transform:
  m_ObjectHideFlags: 1
  m_PrefabParentObject: {fileID: 0}
  m_PrefabInternal: {fileID: 100100000}
  m_GameObject: {fileID: 105186}
  m_LocalRotation: {x: -.276576847, y: -.65077275, z: .276576996, w: .65077281}
  m_LocalPosition: {x: 5.61278624e-09, y: .524197102, z: -.229120195}
  m_LocalScale: {x: 1, y: 1, z: 1}
  m_Children: []
  m_Father: {fileID: 454244}
  m_RootOrder: 13
--- !u!4 &496718
Transform:
  m_ObjectHideFlags: 1
  m_PrefabParentObject: {fileID: 0}
  m_PrefabInternal: {fileID: 100100000}
  m_GameObject: {fileID: 151580}
  m_LocalRotation: {x: -.0262626559, y: -.00640908023, z: -.0243031029, w: .999339104}
  m_LocalPosition: {x: -.103602327, y: -2.38418574e-09, z: 0}
  m_LocalScale: {x: 1.00000012, y: 1, z: 1}
  m_Children:
  - {fileID: 453234}
  m_Father: {fileID: 421192}
  m_RootOrder: 0
--- !u!4 &499932
Transform:
  m_ObjectHideFlags: 1
  m_PrefabParentObject: {fileID: 0}
  m_PrefabInternal: {fileID: 100100000}
  m_GameObject: {fileID: 115324}
  m_LocalRotation: {x: 4.83922018e-14, y: 1.80210449e-07, z: .925546169, w: .378634781}
  m_LocalPosition: {x: -.0646925345, y: -.229275167, z: 4.46415243e-08}
  m_LocalScale: {x: 1, y: 1, z: 1}
  m_Children:
  - {fileID: 480940}
  m_Father: {fileID: 479732}
  m_RootOrder: 3
--- !u!23 &2346004
MeshRenderer:
  m_ObjectHideFlags: 1
  m_PrefabParentObject: {fileID: 0}
  m_PrefabInternal: {fileID: 100100000}
  m_GameObject: {fileID: 167512}
  m_Enabled: 1
  m_CastShadows: 1
  m_ReceiveShadows: 1
  m_Materials:
  - {fileID: 2100000, guid: bd9d4d1f6a4483e4e9c6441b93e0d650, type: 2}
  m_SubsetIndices: 
  m_StaticBatchRoot: {fileID: 0}
  m_UseLightProbes: 1
  m_ReflectionProbeUsage: 1
  m_ProbeAnchor: {fileID: 0}
  m_ScaleInLightmap: 1
  m_PreserveUVs: 0
  m_ImportantGI: 0
  m_AutoUVMaxDistance: .5
  m_AutoUVMaxAngle: 89
  m_LightmapParameters: {fileID: 0}
  m_SortingLayerID: 0
  m_SortingOrder: 0
--- !u!23 &2353092
MeshRenderer:
  m_ObjectHideFlags: 1
  m_PrefabParentObject: {fileID: 0}
  m_PrefabInternal: {fileID: 100100000}
  m_GameObject: {fileID: 140140}
  m_Enabled: 1
  m_CastShadows: 1
  m_ReceiveShadows: 1
  m_Materials:
  - {fileID: 2100000, guid: bd9d4d1f6a4483e4e9c6441b93e0d650, type: 2}
  m_SubsetIndices: 
  m_StaticBatchRoot: {fileID: 0}
  m_UseLightProbes: 1
  m_ReflectionProbeUsage: 1
  m_ProbeAnchor: {fileID: 0}
  m_ScaleInLightmap: 1
  m_PreserveUVs: 0
  m_ImportantGI: 0
  m_AutoUVMaxDistance: .5
  m_AutoUVMaxAngle: 89
  m_LightmapParameters: {fileID: 0}
  m_SortingLayerID: 0
  m_SortingOrder: 0
--- !u!33 &3363962
MeshFilter:
  m_ObjectHideFlags: 1
  m_PrefabParentObject: {fileID: 0}
  m_PrefabInternal: {fileID: 100100000}
  m_GameObject: {fileID: 140140}
  m_Mesh: {fileID: 4300000, guid: 9f5f1cfa6ca58b443b5139ecb67e1e75, type: 3}
--- !u!33 &3387418
MeshFilter:
  m_ObjectHideFlags: 1
  m_PrefabParentObject: {fileID: 0}
  m_PrefabInternal: {fileID: 100100000}
  m_GameObject: {fileID: 167512}
  m_Mesh: {fileID: 4300002, guid: 9f5f1cfa6ca58b443b5139ecb67e1e75, type: 3}
--- !u!111 &11102300
Animation:
  m_ObjectHideFlags: 1
  m_PrefabParentObject: {fileID: 0}
  m_PrefabInternal: {fileID: 100100000}
  m_GameObject: {fileID: 102504}
  m_Enabled: 1
  serializedVersion: 3
  m_Animation: {fileID: 7400000, guid: 810a3579332c9ed42bb482692eb87217, type: 3}
  m_Animations:
  - {fileID: 7400000, guid: 810a3579332c9ed42bb482692eb87217, type: 3}
  - {fileID: 7400000, guid: 87dc9e515fe8e0041887eb3d3893398e, type: 3}
  - {fileID: 7400000, guid: 93abdb33d5816d04480f14ff7fbb0ddc, type: 3}
  - {fileID: 7400000, guid: 145f79998390f044b88c339617b1f845, type: 3}
  - {fileID: 7400000, guid: 9847389eca29cec438542f35e9cd7563, type: 3}
  - {fileID: 7400000, guid: 27ed90a32b201d34d931c656ddf3629b, type: 3}
  - {fileID: 7400000, guid: 070a5edd9ae04f34d99dd17e1775c962, type: 3}
  - {fileID: 7400000, guid: ae944d9917aeca1408ab4b2581f0a689, type: 3}
  - {fileID: 7400000, guid: fa37ed68467bff04ea27003c5621ae4b, type: 3}
  - {fileID: 7400000, guid: d6adda379c17a334094ee6b0ed52b3e1, type: 3}
  - {fileID: 7400000, guid: ac49bc0a4c51bdc4da1ba07ce207a831, type: 3}
  - {fileID: 7400000, guid: 1f51e31a09f06c1459efc61ffc3c8e89, type: 3}
  - {fileID: 7400000, guid: 83a8d3ee8b20384458641ea236690107, type: 3}
  - {fileID: 7400000, guid: 7e3e0be6831f0b54da42ef10a4aa5a47, type: 3}
  - {fileID: 7400000, guid: e877b9ef32fe98b479ce385570635d38, type: 3}
  - {fileID: 7400000, guid: 8f431f3fdc07dc04d883343a44e2bd78, type: 3}
  - {fileID: 7400000, guid: 1675b030d8c33154cbb67d8d45b51808, type: 3}
  - {fileID: 7400000, guid: 55b4db90e203e484baf8147318694e3e, type: 3}
  - {fileID: 7400000, guid: 5a537c4c0b5143e4b84f5d60486e520e, type: 3}
  - {fileID: 7400000, guid: de26427f2adc39942b57cbfb908b65fa, type: 3}
  - {fileID: 7400000, guid: b611552c68c04bb40aeabad688fc4014, type: 3}
  m_WrapMode: 0
  m_PlayAutomatically: 1
  m_AnimatePhysics: 0
  m_CullingType: 1
--- !u!137 &13781216
SkinnedMeshRenderer:
  m_ObjectHideFlags: 1
  m_PrefabParentObject: {fileID: 0}
  m_PrefabInternal: {fileID: 100100000}
  m_GameObject: {fileID: 120680}
  m_Enabled: 1
  m_CastShadows: 1
  m_ReceiveShadows: 1
  m_Materials:
  - {fileID: 2100000, guid: bd9d4d1f6a4483e4e9c6441b93e0d650, type: 2}
  m_SubsetIndices: 
  m_StaticBatchRoot: {fileID: 0}
  m_UseLightProbes: 1
  m_ReflectionProbeUsage: 1
  m_ProbeAnchor: {fileID: 0}
  m_ScaleInLightmap: 1
  m_PreserveUVs: 0
  m_ImportantGI: 0
  m_AutoUVMaxDistance: .5
  m_AutoUVMaxAngle: 89
  m_LightmapParameters: {fileID: 0}
  m_SortingLayerID: 0
  m_SortingOrder: 0
  serializedVersion: 2
  m_Quality: 0
  m_UpdateWhenOffscreen: 0
  m_Mesh: {fileID: 4300004, guid: 9f5f1cfa6ca58b443b5139ecb67e1e75, type: 3}
  m_Bones:
  - {fileID: 489632}
  - {fileID: 479726}
  - {fileID: 425612}
  - {fileID: 465330}
  - {fileID: 456600}
  - {fileID: 425412}
  - {fileID: 478160}
  - {fileID: 453234}
  - {fileID: 496718}
  - {fileID: 434884}
  - {fileID: 476530}
  - {fileID: 444916}
  - {fileID: 476538}
  - {fileID: 495204}
  - {fileID: 492318}
  - {fileID: 479732}
  - {fileID: 480790}
  - {fileID: 499932}
  - {fileID: 480940}
  - {fileID: 484886}
  - {fileID: 431500}
  m_BlendShapeWeights: []
  m_RootBone: {fileID: 456600}
  m_AABB:
    m_Center: {x: -.64699018, y: -.0913464427, z: 0}
    m_Extent: {x: .907384038, y: .507972419, z: .574183226}
  m_DirtyAABB: 0
--- !u!1001 &100100000
Prefab:
  m_ObjectHideFlags: 1
  serializedVersion: 2
  m_Modification:
    m_TransformParent: {fileID: 0}
    m_Modifications:
    - target: {fileID: 0}
      propertyPath: m_Animations.Array.size
      value: 21
      objectReference: {fileID: 0}
    m_RemovedComponents: []
  m_ParentPrefab: {fileID: 0}
  m_RootGameObject: {fileID: 102504}
  m_IsPrefabParent: 1
