%YAML 1.1
%TAG !u! tag:unity3d.com,2011:
--- !u!1001 &100100000
Prefab:
  m_ObjectHideFlags: 1
  serializedVersion: 2
  m_Modification:
    m_TransformParent: {fileID: 0}
    m_Modifications: []
    m_RemovedComponents: []
  m_SourcePrefab: {fileID: 0}
  m_RootGameObject: {fileID: 1714489990361698}
  m_IsPrefabAsset: 1
--- !u!1 &1011154524206432
GameObject:
  m_ObjectHideFlags: 1
  m_CorrespondingSourceObject: {fileID: 0}
  m_PrefabInternal: {fileID: 100100000}
  serializedVersion: 6
  m_Component:
  - component: {fileID: 4128414144093214}
  m_Layer: 0
  m_Name: RigTail5Gizmo
  m_TagString: Untagged
  m_Icon: {fileID: 0}
  m_NavMeshLayer: 0
  m_StaticEditorFlags: 0
  m_IsActive: 1
--- !u!1 &1011752534370554
GameObject:
  m_ObjectHideFlags: 1
  m_CorrespondingSourceObject: {fileID: 0}
  m_PrefabInternal: {fileID: 100100000}
  serializedVersion: 6
  m_Component:
  - component: {fileID: 4296314065777352}
  m_Layer: 0
  m_Name: RigTail5
  m_TagString: Untagged
  m_Icon: {fileID: 0}
  m_NavMeshLayer: 0
  m_StaticEditorFlags: 0
  m_IsActive: 1
--- !u!1 &1015143295392128
GameObject:
  m_ObjectHideFlags: 1
  m_CorrespondingSourceObject: {fileID: 0}
  m_PrefabInternal: {fileID: 100100000}
  serializedVersion: 6
  m_Component:
  - component: {fileID: 4921417665986178}
  m_Layer: 0
  m_Name: RigTail3
  m_TagString: Untagged
  m_Icon: {fileID: 0}
  m_NavMeshLayer: 0
  m_StaticEditorFlags: 0
  m_IsActive: 1
--- !u!1 &1041981941933210
GameObject:
  m_ObjectHideFlags: 1
  m_CorrespondingSourceObject: {fileID: 0}
  m_PrefabInternal: {fileID: 100100000}
  serializedVersion: 6
  m_Component:
  - component: {fileID: 4078717243228510}
  m_Layer: 0
  m_Name: RigRWingMiddle2Gizmo
  m_TagString: Untagged
  m_Icon: {fileID: 0}
  m_NavMeshLayer: 0
  m_StaticEditorFlags: 0
  m_IsActive: 1
--- !u!1 &1058195756076030
GameObject:
  m_ObjectHideFlags: 1
  m_CorrespondingSourceObject: {fileID: 0}
  m_PrefabInternal: {fileID: 100100000}
  serializedVersion: 6
  m_Component:
  - component: {fileID: 4395648776651488}
  m_Layer: 0
  m_Name: RigLFrontLeg1
  m_TagString: Untagged
  m_Icon: {fileID: 0}
  m_NavMeshLayer: 0
  m_StaticEditorFlags: 0
  m_IsActive: 1
--- !u!1 &1071523933981608
GameObject:
  m_ObjectHideFlags: 1
  m_CorrespondingSourceObject: {fileID: 0}
  m_PrefabInternal: {fileID: 100100000}
  serializedVersion: 6
  m_Component:
  - component: {fileID: 4135393773709888}
  m_Layer: 0
  m_Name: RigLFrontLegAnkle
  m_TagString: Untagged
  m_Icon: {fileID: 0}
  m_NavMeshLayer: 0
  m_StaticEditorFlags: 0
  m_IsActive: 1
--- !u!1 &1080955491035724
GameObject:
  m_ObjectHideFlags: 1
  m_CorrespondingSourceObject: {fileID: 0}
  m_PrefabInternal: {fileID: 100100000}
  serializedVersion: 6
  m_Component:
  - component: {fileID: 4432161162876626}
  m_Layer: 0
  m_Name: RigNeck1
  m_TagString: Untagged
  m_Icon: {fileID: 0}
  m_NavMeshLayer: 0
  m_StaticEditorFlags: 0
  m_IsActive: 1
--- !u!1 &1087150487414044
GameObject:
  m_ObjectHideFlags: 1
  m_CorrespondingSourceObject: {fileID: 0}
  m_PrefabInternal: {fileID: 100100000}
  serializedVersion: 6
  m_Component:
  - component: {fileID: 4002132395893498}
  m_Layer: 0
  m_Name: RigLWing2
  m_TagString: Untagged
  m_Icon: {fileID: 0}
  m_NavMeshLayer: 0
  m_StaticEditorFlags: 0
  m_IsActive: 1
--- !u!1 &1092095406804314
GameObject:
  m_ObjectHideFlags: 1
  m_CorrespondingSourceObject: {fileID: 0}
  m_PrefabInternal: {fileID: 100100000}
  serializedVersion: 6
  m_Component:
  - component: {fileID: 4615359084008434}
  m_Layer: 0
  m_Name: RigRibcageGizmo
  m_TagString: Untagged
  m_Icon: {fileID: 0}
  m_NavMeshLayer: 0
  m_StaticEditorFlags: 0
  m_IsActive: 1
--- !u!1 &1126125217272688
GameObject:
  m_ObjectHideFlags: 1
  m_CorrespondingSourceObject: {fileID: 0}
  m_PrefabInternal: {fileID: 100100000}
  serializedVersion: 6
  m_Component:
  - component: {fileID: 4628890691462194}
  m_Layer: 0
  m_Name: RigLWingMiddle1Gizmo
  m_TagString: Untagged
  m_Icon: {fileID: 0}
  m_NavMeshLayer: 0
  m_StaticEditorFlags: 0
  m_IsActive: 1
--- !u!1 &1131176865219796
GameObject:
  m_ObjectHideFlags: 1
  m_CorrespondingSourceObject: {fileID: 0}
  m_PrefabInternal: {fileID: 100100000}
  serializedVersion: 6
  m_Component:
  - component: {fileID: 4386646772999938}
  m_Layer: 0
  m_Name: RigRFrontLegPlatform
  m_TagString: Untagged
  m_Icon: {fileID: 0}
  m_NavMeshLayer: 0
  m_StaticEditorFlags: 0
  m_IsActive: 1
--- !u!1 &1132101419223024
GameObject:
  m_ObjectHideFlags: 1
  m_CorrespondingSourceObject: {fileID: 0}
  m_PrefabInternal: {fileID: 100100000}
  serializedVersion: 6
  m_Component:
  - component: {fileID: 4368254351141842}
  m_Layer: 0
  m_Name: RigRFrontLegAnkle
  m_TagString: Untagged
  m_Icon: {fileID: 0}
  m_NavMeshLayer: 0
  m_StaticEditorFlags: 0
  m_IsActive: 1
--- !u!1 &1138225822971062
GameObject:
  m_ObjectHideFlags: 1
  m_CorrespondingSourceObject: {fileID: 0}
  m_PrefabInternal: {fileID: 100100000}
  serializedVersion: 6
  m_Component:
  - component: {fileID: 4493199086928930}
  m_Layer: 0
  m_Name: RigLBackLeg1
  m_TagString: Untagged
  m_Icon: {fileID: 0}
  m_NavMeshLayer: 0
  m_StaticEditorFlags: 0
  m_IsActive: 1
--- !u!1 &1149269164040128
GameObject:
  m_ObjectHideFlags: 1
  m_CorrespondingSourceObject: {fileID: 0}
  m_PrefabInternal: {fileID: 100100000}
  serializedVersion: 6
  m_Component:
  - component: {fileID: 4775419421712520}
  m_Layer: 0
  m_Name: RigRWingPalmGizmo
  m_TagString: Untagged
  m_Icon: {fileID: 0}
  m_NavMeshLayer: 0
  m_StaticEditorFlags: 0
  m_IsActive: 1
--- !u!1 &1168625906485434
GameObject:
  m_ObjectHideFlags: 1
  m_CorrespondingSourceObject: {fileID: 0}
  m_PrefabInternal: {fileID: 100100000}
  serializedVersion: 6
  m_Component:
  - component: {fileID: 4302293063736330}
  m_Layer: 0
  m_Name: RigLWing1Gizmo
  m_TagString: Untagged
  m_Icon: {fileID: 0}
  m_NavMeshLayer: 0
  m_StaticEditorFlags: 0
  m_IsActive: 1
--- !u!1 &1201542131315734
GameObject:
  m_ObjectHideFlags: 1
  m_CorrespondingSourceObject: {fileID: 0}
  m_PrefabInternal: {fileID: 100100000}
  serializedVersion: 6
  m_Component:
  - component: {fileID: 4257480380742208}
  - component: {fileID: 137108906689382670}
  m_Layer: 0
  m_Name: Toon Dragon
  m_TagString: Untagged
  m_Icon: {fileID: 0}
  m_NavMeshLayer: 0
  m_StaticEditorFlags: 0
  m_IsActive: 1
--- !u!1 &1211312423513816
GameObject:
  m_ObjectHideFlags: 1
  m_CorrespondingSourceObject: {fileID: 0}
  m_PrefabInternal: {fileID: 100100000}
  serializedVersion: 6
  m_Component:
  - component: {fileID: 4091978014627482}
  m_Layer: 0
  m_Name: RigLWingPalm
  m_TagString: Untagged
  m_Icon: {fileID: 0}
  m_NavMeshLayer: 0
  m_StaticEditorFlags: 0
  m_IsActive: 1
--- !u!1 &1224765470895764
GameObject:
  m_ObjectHideFlags: 1
  m_CorrespondingSourceObject: {fileID: 0}
  m_PrefabInternal: {fileID: 100100000}
  serializedVersion: 6
  m_Component:
  - component: {fileID: 4382513799912354}
  m_Layer: 0
  m_Name: RigLWingMiddle1
  m_TagString: Untagged
  m_Icon: {fileID: 0}
  m_NavMeshLayer: 0
  m_StaticEditorFlags: 0
  m_IsActive: 1
--- !u!1 &1236598137900218
GameObject:
  m_ObjectHideFlags: 1
  m_CorrespondingSourceObject: {fileID: 0}
  m_PrefabInternal: {fileID: 100100000}
  serializedVersion: 6
  m_Component:
  - component: {fileID: 4120140044333994}
  m_Layer: 0
  m_Name: RigRWingIndex1Gizmo
  m_TagString: Untagged
  m_Icon: {fileID: 0}
  m_NavMeshLayer: 0
  m_StaticEditorFlags: 0
  m_IsActive: 1
--- !u!1 &1237687851736710
GameObject:
  m_ObjectHideFlags: 1
  m_CorrespondingSourceObject: {fileID: 0}
  m_PrefabInternal: {fileID: 100100000}
  serializedVersion: 6
  m_Component:
  - component: {fileID: 4885699712543820}
  m_Layer: 0
  m_Name: RigRWingIndex2Gizmo
  m_TagString: Untagged
  m_Icon: {fileID: 0}
  m_NavMeshLayer: 0
  m_StaticEditorFlags: 0
  m_IsActive: 1
--- !u!1 &1242930512471820
GameObject:
  m_ObjectHideFlags: 1
  m_CorrespondingSourceObject: {fileID: 0}
  m_PrefabInternal: {fileID: 100100000}
  serializedVersion: 6
  m_Component:
  - component: {fileID: 4986598090735988}
  m_Layer: 0
  m_Name: RigRFrontLeg1
  m_TagString: Untagged
  m_Icon: {fileID: 0}
  m_NavMeshLayer: 0
  m_StaticEditorFlags: 0
  m_IsActive: 1
--- !u!1 &1248599215148590
GameObject:
  m_ObjectHideFlags: 0
  m_CorrespondingSourceObject: {fileID: 0}
  m_PrefabInternal: {fileID: 100100000}
  serializedVersion: 6
  m_Component:
  - component: {fileID: 4580472671727756}
  - component: {fileID: 95985393615631710}
  m_Layer: 0
  m_Name: Toon Dragon-Red
  m_TagString: Untagged
  m_Icon: {fileID: 0}
  m_NavMeshLayer: 0
  m_StaticEditorFlags: 0
  m_IsActive: 1
--- !u!1 &1266844866436984
GameObject:
  m_ObjectHideFlags: 1
  m_CorrespondingSourceObject: {fileID: 0}
  m_PrefabInternal: {fileID: 100100000}
  serializedVersion: 6
  m_Component:
  - component: {fileID: 4487625737082168}
  m_Layer: 0
  m_Name: RigHeadGizmo
  m_TagString: Untagged
  m_Icon: {fileID: 0}
  m_NavMeshLayer: 0
  m_StaticEditorFlags: 0
  m_IsActive: 1
--- !u!1 &1298528887294876
GameObject:
  m_ObjectHideFlags: 1
  m_CorrespondingSourceObject: {fileID: 0}
  m_PrefabInternal: {fileID: 100100000}
  serializedVersion: 6
  m_Component:
  - component: {fileID: 4934598724250814}
  m_Layer: 0
  m_Name: RigLBackLegAnkle
  m_TagString: Untagged
  m_Icon: {fileID: 0}
  m_NavMeshLayer: 0
  m_StaticEditorFlags: 0
  m_IsActive: 1
--- !u!1 &1309887278613744
GameObject:
  m_ObjectHideFlags: 1
  m_CorrespondingSourceObject: {fileID: 0}
  m_PrefabInternal: {fileID: 100100000}
  serializedVersion: 6
  m_Component:
  - component: {fileID: 4915302533386478}
  m_Layer: 0
  m_Name: RigTail4
  m_TagString: Untagged
  m_Icon: {fileID: 0}
  m_NavMeshLayer: 0
  m_StaticEditorFlags: 0
  m_IsActive: 1
--- !u!1 &1310540589694276
GameObject:
  m_ObjectHideFlags: 1
  m_CorrespondingSourceObject: {fileID: 0}
  m_PrefabInternal: {fileID: 100100000}
  serializedVersion: 6
  m_Component:
  - component: {fileID: 4651916109888824}
  m_Layer: 0
  m_Name: RigNeck4
  m_TagString: Untagged
  m_Icon: {fileID: 0}
  m_NavMeshLayer: 0
  m_StaticEditorFlags: 0
  m_IsActive: 1
--- !u!1 &1330406507505686
GameObject:
  m_ObjectHideFlags: 1
  m_CorrespondingSourceObject: {fileID: 0}
  m_PrefabInternal: {fileID: 100100000}
  serializedVersion: 6
  m_Component:
  - component: {fileID: 4367325379185320}
  m_Layer: 0
  m_Name: RigLFrontLegFoot2
  m_TagString: Untagged
  m_Icon: {fileID: 0}
  m_NavMeshLayer: 0
  m_StaticEditorFlags: 0
  m_IsActive: 1
--- !u!1 &1331402317929484
GameObject:
  m_ObjectHideFlags: 1
  m_CorrespondingSourceObject: {fileID: 0}
  m_PrefabInternal: {fileID: 100100000}
  serializedVersion: 6
  m_Component:
  - component: {fileID: 4821290272042254}
  m_Layer: 0
  m_Name: RigLWingIndex1Gizmo
  m_TagString: Untagged
  m_Icon: {fileID: 0}
  m_NavMeshLayer: 0
  m_StaticEditorFlags: 0
  m_IsActive: 1
--- !u!1 &1334336072837678
GameObject:
  m_ObjectHideFlags: 1
  m_CorrespondingSourceObject: {fileID: 0}
  m_PrefabInternal: {fileID: 100100000}
  serializedVersion: 6
  m_Component:
  - component: {fileID: 4813257222886440}
  m_Layer: 0
  m_Name: RigLBackLegFoot1
  m_TagString: Untagged
  m_Icon: {fileID: 0}
  m_NavMeshLayer: 0
  m_StaticEditorFlags: 0
  m_IsActive: 1
--- !u!1 &1344223765399694
GameObject:
  m_ObjectHideFlags: 1
  m_CorrespondingSourceObject: {fileID: 0}
  m_PrefabInternal: {fileID: 100100000}
  serializedVersion: 6
  m_Component:
  - component: {fileID: 4779528956906144}
  m_Layer: 0
  m_Name: RigJawUpGizmo
  m_TagString: Untagged
  m_Icon: {fileID: 0}
  m_NavMeshLayer: 0
  m_StaticEditorFlags: 0
  m_IsActive: 1
--- !u!1 &1355661038487494
GameObject:
  m_ObjectHideFlags: 1
  m_CorrespondingSourceObject: {fileID: 0}
  m_PrefabInternal: {fileID: 100100000}
  serializedVersion: 6
  m_Component:
  - component: {fileID: 4584942110297068}
  m_Layer: 0
  m_Name: RigLWingMiddle2
  m_TagString: Untagged
  m_Icon: {fileID: 0}
  m_NavMeshLayer: 0
  m_StaticEditorFlags: 0
  m_IsActive: 1
--- !u!1 &1365469789491572
GameObject:
  m_ObjectHideFlags: 1
  m_CorrespondingSourceObject: {fileID: 0}
  m_PrefabInternal: {fileID: 100100000}
  serializedVersion: 6
  m_Component:
  - component: {fileID: 4755384432136554}
  m_Layer: 0
  m_Name: RigTail2
  m_TagString: Untagged
  m_Icon: {fileID: 0}
  m_NavMeshLayer: 0
  m_StaticEditorFlags: 0
  m_IsActive: 1
--- !u!1 &1385423510533468
GameObject:
  m_ObjectHideFlags: 1
  m_CorrespondingSourceObject: {fileID: 0}
  m_PrefabInternal: {fileID: 100100000}
  serializedVersion: 6
  m_Component:
  - component: {fileID: 4067450713743280}
  m_Layer: 0
  m_Name: RigRBackLeg1
  m_TagString: Untagged
  m_Icon: {fileID: 0}
  m_NavMeshLayer: 0
  m_StaticEditorFlags: 0
  m_IsActive: 1
--- !u!1 &1394284186570542
GameObject:
  m_ObjectHideFlags: 1
  m_CorrespondingSourceObject: {fileID: 0}
  m_PrefabInternal: {fileID: 100100000}
  serializedVersion: 6
  m_Component:
  - component: {fileID: 4451246541193780}
  m_Layer: 0
  m_Name: RigHead
  m_TagString: Untagged
  m_Icon: {fileID: 0}
  m_NavMeshLayer: 0
  m_StaticEditorFlags: 0
  m_IsActive: 1
--- !u!1 &1395474912758384
GameObject:
  m_ObjectHideFlags: 1
  m_CorrespondingSourceObject: {fileID: 0}
  m_PrefabInternal: {fileID: 100100000}
  serializedVersion: 6
  m_Component:
  - component: {fileID: 4827735924730706}
  m_Layer: 0
  m_Name: RigRWingIndex2
  m_TagString: Untagged
  m_Icon: {fileID: 0}
  m_NavMeshLayer: 0
  m_StaticEditorFlags: 0
  m_IsActive: 1
--- !u!1 &1420002548479218
GameObject:
  m_ObjectHideFlags: 1
  m_CorrespondingSourceObject: {fileID: 0}
  m_PrefabInternal: {fileID: 100100000}
  serializedVersion: 6
  m_Component:
  - component: {fileID: 4537751694470584}
  m_Layer: 0
  m_Name: RigLWingMiddle2Gizmo
  m_TagString: Untagged
  m_Icon: {fileID: 0}
  m_NavMeshLayer: 0
  m_StaticEditorFlags: 0
  m_IsActive: 1
--- !u!1 &1424601335535430
GameObject:
  m_ObjectHideFlags: 1
  m_CorrespondingSourceObject: {fileID: 0}
  m_PrefabInternal: {fileID: 100100000}
  serializedVersion: 6
  m_Component:
  - component: {fileID: 4951326692489098}
  m_Layer: 0
  m_Name: RigRWingMiddle2
  m_TagString: Untagged
  m_Icon: {fileID: 0}
  m_NavMeshLayer: 0
  m_StaticEditorFlags: 0
  m_IsActive: 1
--- !u!1 &1491310092959978
GameObject:
  m_ObjectHideFlags: 1
  m_CorrespondingSourceObject: {fileID: 0}
  m_PrefabInternal: {fileID: 100100000}
  serializedVersion: 6
  m_Component:
  - component: {fileID: 4666079494531068}
  m_Layer: 0
  m_Name: RigRBackLegPlatform
  m_TagString: Untagged
  m_Icon: {fileID: 0}
  m_NavMeshLayer: 0
  m_StaticEditorFlags: 0
  m_IsActive: 1
--- !u!1 &1492686330764030
GameObject:
  m_ObjectHideFlags: 1
  m_CorrespondingSourceObject: {fileID: 0}
  m_PrefabInternal: {fileID: 100100000}
  serializedVersion: 6
  m_Component:
  - component: {fileID: 4982898591181676}
  m_Layer: 0
  m_Name: RigLWing2Gizmo
  m_TagString: Untagged
  m_Icon: {fileID: 0}
  m_NavMeshLayer: 0
  m_StaticEditorFlags: 0
  m_IsActive: 1
--- !u!1 &1502202241599920
GameObject:
  m_ObjectHideFlags: 1
  m_CorrespondingSourceObject: {fileID: 0}
  m_PrefabInternal: {fileID: 100100000}
  serializedVersion: 6
  m_Component:
  - component: {fileID: 4489614130602564}
  m_Layer: 0
  m_Name: RigPelvis
  m_TagString: Untagged
  m_Icon: {fileID: 0}
  m_NavMeshLayer: 0
  m_StaticEditorFlags: 0
  m_IsActive: 1
--- !u!1 &1507355395389960
GameObject:
  m_ObjectHideFlags: 1
  m_CorrespondingSourceObject: {fileID: 0}
  m_PrefabInternal: {fileID: 100100000}
  serializedVersion: 6
  m_Component:
  - component: {fileID: 4141963196194680}
  m_Layer: 0
  m_Name: RigJawDownGizmo
  m_TagString: Untagged
  m_Icon: {fileID: 0}
  m_NavMeshLayer: 0
  m_StaticEditorFlags: 0
  m_IsActive: 1
--- !u!1 &1512186433265932
GameObject:
  m_ObjectHideFlags: 1
  m_CorrespondingSourceObject: {fileID: 0}
  m_PrefabInternal: {fileID: 100100000}
  serializedVersion: 6
  m_Component:
  - component: {fileID: 4175412738678042}
  m_Layer: 0
  m_Name: RigRWing1Gizmo
  m_TagString: Untagged
  m_Icon: {fileID: 0}
  m_NavMeshLayer: 0
  m_StaticEditorFlags: 0
  m_IsActive: 1
--- !u!1 &1513863682515506
GameObject:
  m_ObjectHideFlags: 1
  m_CorrespondingSourceObject: {fileID: 0}
  m_PrefabInternal: {fileID: 100100000}
  serializedVersion: 6
  m_Component:
  - component: {fileID: 4365422319111904}
  m_Layer: 0
  m_Name: RigRBackLegFoot2
  m_TagString: Untagged
  m_Icon: {fileID: 0}
  m_NavMeshLayer: 0
  m_StaticEditorFlags: 0
  m_IsActive: 1
--- !u!1 &1537024155934956
GameObject:
  m_ObjectHideFlags: 1
  m_CorrespondingSourceObject: {fileID: 0}
  m_PrefabInternal: {fileID: 100100000}
  serializedVersion: 6
  m_Component:
  - component: {fileID: 4330570485018622}
  m_Layer: 0
  m_Name: RigRWing2Gizmo
  m_TagString: Untagged
  m_Icon: {fileID: 0}
  m_NavMeshLayer: 0
  m_StaticEditorFlags: 0
  m_IsActive: 1
--- !u!1 &1554904975327904
GameObject:
  m_ObjectHideFlags: 1
  m_CorrespondingSourceObject: {fileID: 0}
  m_PrefabInternal: {fileID: 100100000}
  serializedVersion: 6
  m_Component:
  - component: {fileID: 4684605449794026}
  m_Layer: 0
  m_Name: RigLWingIndex2
  m_TagString: Untagged
  m_Icon: {fileID: 0}
  m_NavMeshLayer: 0
  m_StaticEditorFlags: 0
  m_IsActive: 1
--- !u!1 &1558123652651476
GameObject:
  m_ObjectHideFlags: 1
  m_CorrespondingSourceObject: {fileID: 0}
  m_PrefabInternal: {fileID: 100100000}
  serializedVersion: 6
  m_Component:
  - component: {fileID: 4398934636901322}
  m_Layer: 0
  m_Name: RigLFrontLeg2
  m_TagString: Untagged
  m_Icon: {fileID: 0}
  m_NavMeshLayer: 0
  m_StaticEditorFlags: 0
  m_IsActive: 1
--- !u!1 &1565620795913980
GameObject:
  m_ObjectHideFlags: 1
  m_CorrespondingSourceObject: {fileID: 0}
  m_PrefabInternal: {fileID: 100100000}
  serializedVersion: 6
  m_Component:
  - component: {fileID: 4015010573315364}
  m_Layer: 0
  m_Name: RigSpine1
  m_TagString: Untagged
  m_Icon: {fileID: 0}
  m_NavMeshLayer: 0
  m_StaticEditorFlags: 0
  m_IsActive: 1
--- !u!1 &1594543958132404
GameObject:
  m_ObjectHideFlags: 1
  m_CorrespondingSourceObject: {fileID: 0}
  m_PrefabInternal: {fileID: 100100000}
  serializedVersion: 6
  m_Component:
  - component: {fileID: 4133208825949608}
  m_Layer: 0
  m_Name: RigJawUp
  m_TagString: Untagged
  m_Icon: {fileID: 0}
  m_NavMeshLayer: 0
  m_StaticEditorFlags: 0
  m_IsActive: 1
--- !u!1 &1594892334030782
GameObject:
  m_ObjectHideFlags: 1
  m_CorrespondingSourceObject: {fileID: 0}
  m_PrefabInternal: {fileID: 100100000}
  serializedVersion: 6
  m_Component:
  - component: {fileID: 4900409797200742}
  m_Layer: 0
  m_Name: RigRFrontLegFoot2
  m_TagString: Untagged
  m_Icon: {fileID: 0}
  m_NavMeshLayer: 0
  m_StaticEditorFlags: 0
  m_IsActive: 1
--- !u!1 &1598447903095082
GameObject:
  m_ObjectHideFlags: 1
  m_CorrespondingSourceObject: {fileID: 0}
  m_PrefabInternal: {fileID: 100100000}
  serializedVersion: 6
  m_Component:
  - component: {fileID: 4060330004157164}
  m_Layer: 0
  m_Name: RigLFrontLegFoot1
  m_TagString: Untagged
  m_Icon: {fileID: 0}
  m_NavMeshLayer: 0
  m_StaticEditorFlags: 0
  m_IsActive: 1
--- !u!1 &1604479407051018
GameObject:
  m_ObjectHideFlags: 1
  m_CorrespondingSourceObject: {fileID: 0}
  m_PrefabInternal: {fileID: 100100000}
  serializedVersion: 6
  m_Component:
  - component: {fileID: 4574970302604176}
  m_Layer: 0
  m_Name: RigLBackLeg2
  m_TagString: Untagged
  m_Icon: {fileID: 0}
  m_NavMeshLayer: 0
  m_StaticEditorFlags: 0
  m_IsActive: 1
--- !u!1 &1605073495119528
GameObject:
  m_ObjectHideFlags: 1
  m_CorrespondingSourceObject: {fileID: 0}
  m_PrefabInternal: {fileID: 100100000}
  serializedVersion: 6
  m_Component:
  - component: {fileID: 4072248540577742}
  m_Layer: 0
  m_Name: RigRWingMiddle1Gizmo
  m_TagString: Untagged
  m_Icon: {fileID: 0}
  m_NavMeshLayer: 0
  m_StaticEditorFlags: 0
  m_IsActive: 1
--- !u!1 &1611707802843700
GameObject:
  m_ObjectHideFlags: 1
  m_CorrespondingSourceObject: {fileID: 0}
  m_PrefabInternal: {fileID: 100100000}
  serializedVersion: 6
  m_Component:
  - component: {fileID: 4234759671130090}
  m_Layer: 0
  m_Name: RigRWingIndex1
  m_TagString: Untagged
  m_Icon: {fileID: 0}
  m_NavMeshLayer: 0
  m_StaticEditorFlags: 0
  m_IsActive: 1
--- !u!1 &1624453445311468
GameObject:
  m_ObjectHideFlags: 1
  m_CorrespondingSourceObject: {fileID: 0}
  m_PrefabInternal: {fileID: 100100000}
  serializedVersion: 6
  m_Component:
  - component: {fileID: 4709007533802208}
  m_Layer: 0
  m_Name: RigLWingPalmGizmo
  m_TagString: Untagged
  m_Icon: {fileID: 0}
  m_NavMeshLayer: 0
  m_StaticEditorFlags: 0
  m_IsActive: 1
--- !u!1 &1631859196047592
GameObject:
  m_ObjectHideFlags: 1
  m_CorrespondingSourceObject: {fileID: 0}
  m_PrefabInternal: {fileID: 100100000}
  serializedVersion: 6
  m_Component:
  - component: {fileID: 4880007772292530}
  m_Layer: 0
  m_Name: RigTail3Gizmo
  m_TagString: Untagged
  m_Icon: {fileID: 0}
  m_NavMeshLayer: 0
  m_StaticEditorFlags: 0
  m_IsActive: 1
--- !u!1 &1633520475484238
GameObject:
  m_ObjectHideFlags: 1
  m_CorrespondingSourceObject: {fileID: 0}
  m_PrefabInternal: {fileID: 100100000}
  serializedVersion: 6
  m_Component:
  - component: {fileID: 4392158328154756}
  m_Layer: 0
  m_Name: RigTail7
  m_TagString: Untagged
  m_Icon: {fileID: 0}
  m_NavMeshLayer: 0
  m_StaticEditorFlags: 0
  m_IsActive: 1
--- !u!1 &1641013259801042
GameObject:
  m_ObjectHideFlags: 1
  m_CorrespondingSourceObject: {fileID: 0}
  m_PrefabInternal: {fileID: 100100000}
  serializedVersion: 6
  m_Component:
  - component: {fileID: 4585585169794584}
  m_Layer: 0
  m_Name: RigLWingIndex1
  m_TagString: Untagged
  m_Icon: {fileID: 0}
  m_NavMeshLayer: 0
  m_StaticEditorFlags: 0
  m_IsActive: 1
--- !u!1 &1655498798519532
GameObject:
  m_ObjectHideFlags: 1
  m_CorrespondingSourceObject: {fileID: 0}
  m_PrefabInternal: {fileID: 100100000}
  serializedVersion: 6
  m_Component:
  - component: {fileID: 4373838848850828}
  m_Layer: 0
  m_Name: RigJawDown
  m_TagString: Untagged
  m_Icon: {fileID: 0}
  m_NavMeshLayer: 0
  m_StaticEditorFlags: 0
  m_IsActive: 1
--- !u!1 &1665978997706552
GameObject:
  m_ObjectHideFlags: 1
  m_CorrespondingSourceObject: {fileID: 0}
  m_PrefabInternal: {fileID: 100100000}
  serializedVersion: 6
  m_Component:
  - component: {fileID: 4322168965836308}
  m_Layer: 0
  m_Name: RigRibcage
  m_TagString: Untagged
  m_Icon: {fileID: 0}
  m_NavMeshLayer: 0
  m_StaticEditorFlags: 0
  m_IsActive: 1
--- !u!1 &1668023087669610
GameObject:
  m_ObjectHideFlags: 1
  m_CorrespondingSourceObject: {fileID: 0}
  m_PrefabInternal: {fileID: 100100000}
  serializedVersion: 6
  m_Component:
  - component: {fileID: 4898181150290234}
  m_Layer: 0
  m_Name: RigLFrontLegPlatform
  m_TagString: Untagged
  m_Icon: {fileID: 0}
  m_NavMeshLayer: 0
  m_StaticEditorFlags: 0
  m_IsActive: 1
--- !u!1 &1672323770648458
GameObject:
  m_ObjectHideFlags: 1
  m_CorrespondingSourceObject: {fileID: 0}
  m_PrefabInternal: {fileID: 100100000}
  serializedVersion: 6
  m_Component:
  - component: {fileID: 4252417558172462}
  m_Layer: 0
  m_Name: RigLBackLegPlatform
  m_TagString: Untagged
  m_Icon: {fileID: 0}
  m_NavMeshLayer: 0
  m_StaticEditorFlags: 0
  m_IsActive: 1
--- !u!1 &1677275753497686
GameObject:
  m_ObjectHideFlags: 1
  m_CorrespondingSourceObject: {fileID: 0}
  m_PrefabInternal: {fileID: 100100000}
  serializedVersion: 6
  m_Component:
  - component: {fileID: 4413215924346206}
  m_Layer: 0
  m_Name: RigTail1Gizmo
  m_TagString: Untagged
  m_Icon: {fileID: 0}
  m_NavMeshLayer: 0
  m_StaticEditorFlags: 0
  m_IsActive: 1
--- !u!1 &1678397627651886
GameObject:
  m_ObjectHideFlags: 1
  m_CorrespondingSourceObject: {fileID: 0}
  m_PrefabInternal: {fileID: 100100000}
  serializedVersion: 6
  m_Component:
  - component: {fileID: 4065313346873834}
  m_Layer: 0
  m_Name: RigTail7Gizmo
  m_TagString: Untagged
  m_Icon: {fileID: 0}
  m_NavMeshLayer: 0
  m_StaticEditorFlags: 0
  m_IsActive: 1
--- !u!1 &1702283707032610
GameObject:
  m_ObjectHideFlags: 1
  m_CorrespondingSourceObject: {fileID: 0}
  m_PrefabInternal: {fileID: 100100000}
  serializedVersion: 6
  m_Component:
  - component: {fileID: 4047436186454182}
  m_Layer: 0
  m_Name: RigRBackLeg2
  m_TagString: Untagged
  m_Icon: {fileID: 0}
  m_NavMeshLayer: 0
  m_StaticEditorFlags: 0
  m_IsActive: 1
--- !u!1 &1714489990361698
GameObject:
  m_ObjectHideFlags: 0
  m_CorrespondingSourceObject: {fileID: 0}
  m_PrefabInternal: {fileID: 100100000}
  serializedVersion: 6
  m_Component:
  - component: {fileID: 4543981088947382}
  - component: {fileID: 114980590362721964}
  - component: {fileID: 114110910835275396}
  - component: {fileID: 195819554020005480}
  - component: {fileID: 54449421245140474}
  - component: {fileID: 136922305000613070}
  - component: {fileID: 114025135050915588}
  m_Layer: 13
  m_Name: GiantPinkDragonPrefab
  m_TagString: Untagged
  m_Icon: {fileID: 0}
  m_NavMeshLayer: 0
  m_StaticEditorFlags: 0
  m_IsActive: 1
--- !u!1 &1720972451299324
GameObject:
  m_ObjectHideFlags: 1
  m_CorrespondingSourceObject: {fileID: 0}
  m_PrefabInternal: {fileID: 100100000}
  serializedVersion: 6
  m_Component:
  - component: {fileID: 4234592434639802}
  m_Layer: 0
  m_Name: RigRFrontLegFoot1
  m_TagString: Untagged
  m_Icon: {fileID: 0}
  m_NavMeshLayer: 0
  m_StaticEditorFlags: 0
  m_IsActive: 1
--- !u!1 &1725172022513632
GameObject:
  m_ObjectHideFlags: 1
  m_CorrespondingSourceObject: {fileID: 0}
  m_PrefabInternal: {fileID: 100100000}
  serializedVersion: 6
  m_Component:
  - component: {fileID: 4377757985533478}
  m_Layer: 0
  m_Name: RigNeck3
  m_TagString: Untagged
  m_Icon: {fileID: 0}
  m_NavMeshLayer: 0
  m_StaticEditorFlags: 0
  m_IsActive: 1
--- !u!1 &1733645299880888
GameObject:
  m_ObjectHideFlags: 1
  m_CorrespondingSourceObject: {fileID: 0}
  m_PrefabInternal: {fileID: 100100000}
  serializedVersion: 6
  m_Component:
  - component: {fileID: 4584745859774566}
  m_Layer: 0
  m_Name: RigTail2Gizmo
  m_TagString: Untagged
  m_Icon: {fileID: 0}
  m_NavMeshLayer: 0
  m_StaticEditorFlags: 0
  m_IsActive: 1
--- !u!1 &1761771192038590
GameObject:
  m_ObjectHideFlags: 1
  m_CorrespondingSourceObject: {fileID: 0}
  m_PrefabInternal: {fileID: 100100000}
  serializedVersion: 6
  m_Component:
  - component: {fileID: 4835460512457342}
  m_Layer: 0
  m_Name: RigSpine3
  m_TagString: Untagged
  m_Icon: {fileID: 0}
  m_NavMeshLayer: 0
  m_StaticEditorFlags: 0
  m_IsActive: 1
--- !u!1 &1788203732175714
GameObject:
  m_ObjectHideFlags: 1
  m_CorrespondingSourceObject: {fileID: 0}
  m_PrefabInternal: {fileID: 100100000}
  serializedVersion: 6
  m_Component:
  - component: {fileID: 4309877096847614}
  m_Layer: 0
  m_Name: RigNeck2
  m_TagString: Untagged
  m_Icon: {fileID: 0}
  m_NavMeshLayer: 0
  m_StaticEditorFlags: 0
  m_IsActive: 1
--- !u!1 &1814108807641198
GameObject:
  m_ObjectHideFlags: 1
  m_CorrespondingSourceObject: {fileID: 0}
  m_PrefabInternal: {fileID: 100100000}
  serializedVersion: 6
  m_Component:
  - component: {fileID: 4721077766250398}
  m_Layer: 0
  m_Name: RigLBackLegFoot2
  m_TagString: Untagged
  m_Icon: {fileID: 0}
  m_NavMeshLayer: 0
  m_StaticEditorFlags: 0
  m_IsActive: 1
--- !u!1 &1832195815913158
GameObject:
  m_ObjectHideFlags: 1
  m_CorrespondingSourceObject: {fileID: 0}
  m_PrefabInternal: {fileID: 100100000}
  serializedVersion: 6
  m_Component:
  - component: {fileID: 4735158305164002}
  m_Layer: 0
  m_Name: RigRWingMiddle1
  m_TagString: Untagged
  m_Icon: {fileID: 0}
  m_NavMeshLayer: 0
  m_StaticEditorFlags: 0
  m_IsActive: 1
--- !u!1 &1853934394335494
GameObject:
  m_ObjectHideFlags: 1
  m_CorrespondingSourceObject: {fileID: 0}
  m_PrefabInternal: {fileID: 100100000}
  serializedVersion: 6
  m_Component:
  - component: {fileID: 4615966873171052}
  m_Layer: 0
  m_Name: RigRWing2
  m_TagString: Untagged
  m_Icon: {fileID: 0}
  m_NavMeshLayer: 0
  m_StaticEditorFlags: 0
  m_IsActive: 1
--- !u!1 &1855463152504968
GameObject:
  m_ObjectHideFlags: 1
  m_CorrespondingSourceObject: {fileID: 0}
  m_PrefabInternal: {fileID: 100100000}
  serializedVersion: 6
  m_Component:
  - component: {fileID: 4193398018944534}
  m_Layer: 0
  m_Name: RigRWing1
  m_TagString: Untagged
  m_Icon: {fileID: 0}
  m_NavMeshLayer: 0
  m_StaticEditorFlags: 0
  m_IsActive: 1
--- !u!1 &1860629708586088
GameObject:
  m_ObjectHideFlags: 1
  m_CorrespondingSourceObject: {fileID: 0}
  m_PrefabInternal: {fileID: 100100000}
  serializedVersion: 6
  m_Component:
  - component: {fileID: 4291974895221070}
  m_Layer: 0
  m_Name: RigLWing1
  m_TagString: Untagged
  m_Icon: {fileID: 0}
  m_NavMeshLayer: 0
  m_StaticEditorFlags: 0
  m_IsActive: 1
--- !u!1 &1869546783045838
GameObject:
  m_ObjectHideFlags: 1
  m_CorrespondingSourceObject: {fileID: 0}
  m_PrefabInternal: {fileID: 100100000}
  serializedVersion: 6
  m_Component:
  - component: {fileID: 4049898637018996}
  m_Layer: 0
  m_Name: RigRBackLegAnkle
  m_TagString: Untagged
  m_Icon: {fileID: 0}
  m_NavMeshLayer: 0
  m_StaticEditorFlags: 0
  m_IsActive: 1
--- !u!1 &1878344181728576
GameObject:
  m_ObjectHideFlags: 1
  m_CorrespondingSourceObject: {fileID: 0}
  m_PrefabInternal: {fileID: 100100000}
  serializedVersion: 6
  m_Component:
  - component: {fileID: 4077310571424930}
  m_Layer: 0
  m_Name: RigSpine2
  m_TagString: Untagged
  m_Icon: {fileID: 0}
  m_NavMeshLayer: 0
  m_StaticEditorFlags: 0
  m_IsActive: 1
--- !u!1 &1896379011279952
GameObject:
  m_ObjectHideFlags: 1
  m_CorrespondingSourceObject: {fileID: 0}
  m_PrefabInternal: {fileID: 100100000}
  serializedVersion: 6
  m_Component:
  - component: {fileID: 4991114664977654}
  m_Layer: 0
  m_Name: RigRFrontLeg2
  m_TagString: Untagged
  m_Icon: {fileID: 0}
  m_NavMeshLayer: 0
  m_StaticEditorFlags: 0
  m_IsActive: 1
--- !u!1 &1903642025945612
GameObject:
  m_ObjectHideFlags: 1
  m_CorrespondingSourceObject: {fileID: 0}
  m_PrefabInternal: {fileID: 100100000}
  serializedVersion: 6
  m_Component:
  - component: {fileID: 4950325050711316}
  m_Layer: 0
  m_Name: RigPelvisGizmo
  m_TagString: Untagged
  m_Icon: {fileID: 0}
  m_NavMeshLayer: 0
  m_StaticEditorFlags: 0
  m_IsActive: 1
--- !u!1 &1923965879792682
GameObject:
  m_ObjectHideFlags: 1
  m_CorrespondingSourceObject: {fileID: 0}
  m_PrefabInternal: {fileID: 100100000}
  serializedVersion: 6
  m_Component:
  - component: {fileID: 4433033215852904}
  m_Layer: 0
  m_Name: RigLWingIndex2Gizmo
  m_TagString: Untagged
  m_Icon: {fileID: 0}
  m_NavMeshLayer: 0
  m_StaticEditorFlags: 0
  m_IsActive: 1
--- !u!1 &1935840415760296
GameObject:
  m_ObjectHideFlags: 1
  m_CorrespondingSourceObject: {fileID: 0}
  m_PrefabInternal: {fileID: 100100000}
  serializedVersion: 6
  m_Component:
  - component: {fileID: 4232897197209984}
  m_Layer: 0
  m_Name: RigTail4Gizmo
  m_TagString: Untagged
  m_Icon: {fileID: 0}
  m_NavMeshLayer: 0
  m_StaticEditorFlags: 0
  m_IsActive: 1
--- !u!1 &1966590853709676
GameObject:
  m_ObjectHideFlags: 1
  m_CorrespondingSourceObject: {fileID: 0}
  m_PrefabInternal: {fileID: 100100000}
  serializedVersion: 6
  m_Component:
  - component: {fileID: 4344200243477552}
  m_Layer: 0
  m_Name: RigRWingPalm
  m_TagString: Untagged
  m_Icon: {fileID: 0}
  m_NavMeshLayer: 0
  m_StaticEditorFlags: 0
  m_IsActive: 1
--- !u!1 &1974656092176352
GameObject:
  m_ObjectHideFlags: 1
  m_CorrespondingSourceObject: {fileID: 0}
  m_PrefabInternal: {fileID: 100100000}
  serializedVersion: 6
  m_Component:
  - component: {fileID: 4926630494118864}
  m_Layer: 0
  m_Name: RigTail6Gizmo
  m_TagString: Untagged
  m_Icon: {fileID: 0}
  m_NavMeshLayer: 0
  m_StaticEditorFlags: 0
  m_IsActive: 1
--- !u!1 &1981828747513508
GameObject:
  m_ObjectHideFlags: 1
  m_CorrespondingSourceObject: {fileID: 0}
  m_PrefabInternal: {fileID: 100100000}
  serializedVersion: 6
  m_Component:
  - component: {fileID: 4528469819663104}
  m_Layer: 0
  m_Name: RigTail1
  m_TagString: Untagged
  m_Icon: {fileID: 0}
  m_NavMeshLayer: 0
  m_StaticEditorFlags: 0
  m_IsActive: 1
--- !u!1 &1985717069331744
GameObject:
  m_ObjectHideFlags: 1
  m_CorrespondingSourceObject: {fileID: 0}
  m_PrefabInternal: {fileID: 100100000}
  serializedVersion: 6
  m_Component:
  - component: {fileID: 4499418386425866}
  m_Layer: 0
  m_Name: RigTail6
  m_TagString: Untagged
  m_Icon: {fileID: 0}
  m_NavMeshLayer: 0
  m_StaticEditorFlags: 0
  m_IsActive: 1
--- !u!1 &1991911515060352
GameObject:
  m_ObjectHideFlags: 1
  m_CorrespondingSourceObject: {fileID: 0}
  m_PrefabInternal: {fileID: 100100000}
  serializedVersion: 6
  m_Component:
  - component: {fileID: 4987217980221110}
  m_Layer: 0
  m_Name: RigRBackLegFoot1
  m_TagString: Untagged
  m_Icon: {fileID: 0}
  m_NavMeshLayer: 0
  m_StaticEditorFlags: 0
  m_IsActive: 1
--- !u!1 &1993129528597878
GameObject:
  m_ObjectHideFlags: 1
  m_CorrespondingSourceObject: {fileID: 0}
  m_PrefabInternal: {fileID: 100100000}
  serializedVersion: 6
  m_Component:
  - component: {fileID: 4705340358436272}
  m_Layer: 0
  m_Name: Rig
  m_TagString: Untagged
  m_Icon: {fileID: 0}
  m_NavMeshLayer: 0
  m_StaticEditorFlags: 0
  m_IsActive: 1
--- !u!4 &4002132395893498
Transform:
  m_ObjectHideFlags: 1
  m_CorrespondingSourceObject: {fileID: 0}
  m_PrefabInternal: {fileID: 100100000}
  m_GameObject: {fileID: 1087150487414044}
  m_LocalRotation: {x: -0.059271865, y: 0.0044364096, z: -0.555395, w: 0.8294598}
  m_LocalPosition: {x: -0.9371635, y: 0.0000012207031, z: -0.00000015258789}
  m_LocalScale: {x: 1.0000008, y: 0.999999, z: 1.0000001}
  m_Children:
  - {fileID: 4091978014627482}
  m_Father: {fileID: 4291974895221070}
  m_RootOrder: 0
  m_LocalEulerAnglesHint: {x: 0, y: 0, z: 0}
--- !u!4 &4015010573315364
Transform:
  m_ObjectHideFlags: 1
  m_CorrespondingSourceObject: {fileID: 0}
  m_PrefabInternal: {fileID: 100100000}
  m_GameObject: {fileID: 1565620795913980}
  m_LocalRotation: {x: 0.000000010274943, y: -0.00000006711478, z: -0.16391246, w: 0.98647493}
  m_LocalPosition: {x: 0, y: 0, z: 0}
  m_LocalScale: {x: 1, y: 1, z: 1}
  m_Children:
  - {fileID: 4077310571424930}
  m_Father: {fileID: 4489614130602564}
  m_RootOrder: 2
  m_LocalEulerAnglesHint: {x: 0, y: 0, z: 0}
--- !u!4 &4047436186454182
Transform:
  m_ObjectHideFlags: 1
  m_CorrespondingSourceObject: {fileID: 0}
  m_PrefabInternal: {fileID: 100100000}
  m_GameObject: {fileID: 1702283707032610}
  m_LocalRotation: {x: 0.04012854, y: -0.009039589, z: 0.45114335, w: 0.89150304}
  m_LocalPosition: {x: -0.5391465, y: -0.000000038146972, z: 0}
  m_LocalScale: {x: 0.9999962, y: 1.0000043, z: 1}
  m_Children:
  - {fileID: 4049898637018996}
  m_Father: {fileID: 4067450713743280}
  m_RootOrder: 0
  m_LocalEulerAnglesHint: {x: 0, y: 0, z: 0}
--- !u!4 &4049898637018996
Transform:
  m_ObjectHideFlags: 1
  m_CorrespondingSourceObject: {fileID: 0}
  m_PrefabInternal: {fileID: 100100000}
  m_GameObject: {fileID: 1869546783045838}
  m_LocalRotation: {x: -0.06537265, y: -0.17519413, z: -0.5638405, w: 0.8044361}
  m_LocalPosition: {x: -0.5213435, y: 0, z: 0}
  m_LocalScale: {x: 1.0000006, y: 1.0000019, z: 0.99999726}
  m_Children:
  - {fileID: 4987217980221110}
  m_Father: {fileID: 4047436186454182}
  m_RootOrder: 0
  m_LocalEulerAnglesHint: {x: 0, y: 0, z: 0}
--- !u!4 &4060330004157164
Transform:
  m_ObjectHideFlags: 1
  m_CorrespondingSourceObject: {fileID: 0}
  m_PrefabInternal: {fileID: 100100000}
  m_GameObject: {fileID: 1598447903095082}
  m_LocalRotation: {x: -0.000042499414, y: 0.00007168063, z: -0.5102917, w: 0.8600014}
  m_LocalPosition: {x: -0.26546353, y: 0.000000038146972, z: 0.000000076293944}
  m_LocalScale: {x: 1.0000001, y: 1, z: 1}
  m_Children:
  - {fileID: 4367325379185320}
  m_Father: {fileID: 4135393773709888}
  m_RootOrder: 0
  m_LocalEulerAnglesHint: {x: 0, y: 0, z: 0}
--- !u!4 &4065313346873834
Transform:
  m_ObjectHideFlags: 1
  m_CorrespondingSourceObject: {fileID: 0}
  m_PrefabInternal: {fileID: 100100000}
  m_GameObject: {fileID: 1678397627651886}
  m_LocalRotation: {x: 0.16082752, y: -0.6885743, z: -0.1608274, w: 0.6885743}
  m_LocalPosition: {x: -0.00000014166108, y: 0.91354537, z: -3.3041744}
  m_LocalScale: {x: 1.0000001, y: 1.0000001, z: 1}
  m_Children: []
  m_Father: {fileID: 4580472671727756}
  m_RootOrder: 31
  m_LocalEulerAnglesHint: {x: 0, y: 0, z: 0}
--- !u!4 &4067450713743280
Transform:
  m_ObjectHideFlags: 1
  m_CorrespondingSourceObject: {fileID: 0}
  m_PrefabInternal: {fileID: 100100000}
  m_GameObject: {fileID: 1385423510533468}
  m_LocalRotation: {x: 0.70522106, y: -0.6857647, z: 0.10469507, w: 0.14638646}
  m_LocalPosition: {x: 0.000000076293944, y: 0, z: -0.37937996}
  m_LocalScale: {x: 1.0000001, y: 1.0000001, z: 1}
  m_Children:
  - {fileID: 4047436186454182}
  m_Father: {fileID: 4489614130602564}
  m_RootOrder: 1
  m_LocalEulerAnglesHint: {x: 0, y: 0, z: 0}
--- !u!4 &4072248540577742
Transform:
  m_ObjectHideFlags: 1
  m_CorrespondingSourceObject: {fileID: 0}
  m_PrefabInternal: {fileID: 100100000}
  m_GameObject: {fileID: 1605073495119528}
  m_LocalRotation: {x: -0.016128091, y: 0.8809565, z: -0.018708283, w: -0.4725522}
  m_LocalPosition: {x: 2.0878906, y: 1.5665913, z: 1.017026}
  m_LocalScale: {x: 1.0000007, y: 0.99999994, z: 0.9999995}
  m_Children: []
  m_Father: {fileID: 4580472671727756}
  m_RootOrder: 22
  m_LocalEulerAnglesHint: {x: 0, y: 0, z: 0}
--- !u!4 &4077310571424930
Transform:
  m_ObjectHideFlags: 1
  m_CorrespondingSourceObject: {fileID: 0}
  m_PrefabInternal: {fileID: 100100000}
  m_GameObject: {fileID: 1878344181728576}
  m_LocalRotation: {x: -0.0000000045812545, y: 0.000000052345445, z: -0.04118136,
    w: 0.9991517}
  m_LocalPosition: {x: -0.3369175, y: 0, z: 0}
  m_LocalScale: {x: 1.0000001, y: 1, z: 1}
  m_Children:
  - {fileID: 4835460512457342}
  m_Father: {fileID: 4015010573315364}
  m_RootOrder: 0
  m_LocalEulerAnglesHint: {x: 0, y: 0, z: 0}
--- !u!4 &4078717243228510
Transform:
  m_ObjectHideFlags: 1
  m_CorrespondingSourceObject: {fileID: 0}
  m_PrefabInternal: {fileID: 100100000}
  m_GameObject: {fileID: 1041981941933210}
  m_LocalRotation: {x: 0.020489236, y: -0.7135865, z: 0.014449664, w: 0.70011836}
  m_LocalPosition: {x: 2.7005785, y: 1.5784879, z: 0.093676224}
  m_LocalScale: {x: 0.9999999, y: 0.9999999, z: 1.0000005}
  m_Children: []
  m_Father: {fileID: 4580472671727756}
  m_RootOrder: 23
  m_LocalEulerAnglesHint: {x: 0, y: 0, z: 0}
--- !u!4 &4091978014627482
Transform:
  m_ObjectHideFlags: 1
  m_CorrespondingSourceObject: {fileID: 0}
  m_PrefabInternal: {fileID: 100100000}
  m_GameObject: {fileID: 1211312423513816}
  m_LocalRotation: {x: -0.6408657, y: -0.2802836, z: 0.2567735, w: 0.666933}
  m_LocalPosition: {x: -1.1981676, y: -0.0000012969971, z: 0.0000007629394}
  m_LocalScale: {x: 1.000001, y: 1.0000002, z: 0.99999887}
  m_Children:
  - {fileID: 4585585169794584}
  - {fileID: 4382513799912354}
  m_Father: {fileID: 4002132395893498}
  m_RootOrder: 0
  m_LocalEulerAnglesHint: {x: 0, y: 0, z: 0}
--- !u!4 &4120140044333994
Transform:
  m_ObjectHideFlags: 1
  m_CorrespondingSourceObject: {fileID: 0}
  m_PrefabInternal: {fileID: 100100000}
  m_GameObject: {fileID: 1236598137900218}
  m_LocalRotation: {x: -0.0041739102, y: 0.9870556, z: -0.025373334, w: -0.15830384}
  m_LocalPosition: {x: 2.039983, y: 1.5716138, z: 1.1635724}
  m_LocalScale: {x: 0.99999994, y: 1, z: 1.0000001}
  m_Children: []
  m_Father: {fileID: 4580472671727756}
  m_RootOrder: 20
  m_LocalEulerAnglesHint: {x: 0, y: 0, z: 0}
--- !u!4 &4128414144093214
Transform:
  m_ObjectHideFlags: 1
  m_CorrespondingSourceObject: {fileID: 0}
  m_PrefabInternal: {fileID: 100100000}
  m_GameObject: {fileID: 1011154524206432}
  m_LocalRotation: {x: 0.17351714, y: -0.68548656, z: -0.173517, w: 0.68548656}
  m_LocalPosition: {x: -0.00000010123991, y: 1.0130206, z: -2.3796115}
  m_LocalScale: {x: 1, y: 0.99999994, z: 1}
  m_Children: []
  m_Father: {fileID: 4580472671727756}
  m_RootOrder: 29
  m_LocalEulerAnglesHint: {x: 0, y: 0, z: 0}
--- !u!4 &4133208825949608
Transform:
  m_ObjectHideFlags: 1
  m_CorrespondingSourceObject: {fileID: 0}
  m_PrefabInternal: {fileID: 100100000}
  m_GameObject: {fileID: 1594543958132404}
  m_LocalRotation: {x: 1.6968469e-14, y: 0.000000023660714, z: 0.12151676, w: 0.9925894}
  m_LocalPosition: {x: -0.09348091, y: -0.102998346, z: 0.00000002005483}
  m_LocalScale: {x: 1.0000001, y: 1.0000001, z: 1}
  m_Children: []
  m_Father: {fileID: 4451246541193780}
  m_RootOrder: 1
  m_LocalEulerAnglesHint: {x: 0, y: 0, z: 0}
--- !u!4 &4135393773709888
Transform:
  m_ObjectHideFlags: 1
  m_CorrespondingSourceObject: {fileID: 0}
  m_PrefabInternal: {fileID: 100100000}
  m_GameObject: {fileID: 1071523933981608}
  m_LocalRotation: {x: -0.008576492, y: 0.017929865, z: -0.022895623, w: 0.99954027}
  m_LocalPosition: {x: -0.39823103, y: 0, z: 0.000000076293944}
  m_LocalScale: {x: 1.0000185, y: 0.99998766, z: 0.9999939}
  m_Children:
  - {fileID: 4060330004157164}
  m_Father: {fileID: 4398934636901322}
  m_RootOrder: 0
  m_LocalEulerAnglesHint: {x: 0, y: 0, z: 0}
--- !u!4 &4141963196194680
Transform:
  m_ObjectHideFlags: 1
  m_CorrespondingSourceObject: {fileID: 0}
  m_PrefabInternal: {fileID: 100100000}
  m_GameObject: {fileID: 1507355395389960}
  m_LocalRotation: {x: -0.6645452, y: -0.2416187, z: 0.6645453, w: 0.24161883}
  m_LocalPosition: {x: 0.00000015854482, y: 2.182933, z: 1.5011128}
  m_LocalScale: {x: 1, y: 1.0000001, z: 1}
  m_Children: []
  m_Father: {fileID: 4580472671727756}
  m_RootOrder: 2
  m_LocalEulerAnglesHint: {x: 0, y: 0, z: 0}
--- !u!4 &4175412738678042
Transform:
  m_ObjectHideFlags: 1
  m_CorrespondingSourceObject: {fileID: 0}
  m_PrefabInternal: {fileID: 100100000}
  m_GameObject: {fileID: 1512186433265932}
  m_LocalRotation: {x: 0.09205021, y: 0.68514323, z: 0.7160194, w: -0.097066335}
  m_LocalPosition: {x: 0.3374471, y: 1.5229008, z: 0.32003668}
  m_LocalScale: {x: 1, y: 0.99999994, z: 1}
  m_Children: []
  m_Father: {fileID: 4580472671727756}
  m_RootOrder: 18
  m_LocalEulerAnglesHint: {x: 0, y: 0, z: 0}
--- !u!4 &4193398018944534
Transform:
  m_ObjectHideFlags: 1
  m_CorrespondingSourceObject: {fileID: 0}
  m_PrefabInternal: {fileID: 100100000}
  m_GameObject: {fileID: 1855463152504968}
  m_LocalRotation: {x: 0.21202792, y: -0.67412865, z: 0.38363278, w: 0.5944919}
  m_LocalPosition: {x: -0.08789948, y: -0.34865087, z: -0.33744705}
  m_LocalScale: {x: 1, y: 0.99999994, z: 1}
  m_Children:
  - {fileID: 4615966873171052}
  m_Father: {fileID: 4322168965836308}
  m_RootOrder: 4
  m_LocalEulerAnglesHint: {x: 0, y: 0, z: 0}
--- !u!4 &4232897197209984
Transform:
  m_ObjectHideFlags: 1
  m_CorrespondingSourceObject: {fileID: 0}
  m_PrefabInternal: {fileID: 100100000}
  m_GameObject: {fileID: 1935840415760296}
  m_LocalRotation: {x: 0.18493287, y: -0.68249536, z: -0.18493275, w: 0.68249536}
  m_LocalPosition: {x: -0.00000007957336, y: 0.7231309, z: -1.8839667}
  m_LocalScale: {x: 0.99999994, y: 1, z: 1}
  m_Children: []
  m_Father: {fileID: 4580472671727756}
  m_RootOrder: 28
  m_LocalEulerAnglesHint: {x: 0, y: 0, z: 0}
--- !u!4 &4234592434639802
Transform:
  m_ObjectHideFlags: 1
  m_CorrespondingSourceObject: {fileID: 0}
  m_PrefabInternal: {fileID: 100100000}
  m_GameObject: {fileID: 1720972451299324}
  m_LocalRotation: {x: 0.000042499414, y: -0.00007168059, z: -0.5102917, w: 0.8600014}
  m_LocalPosition: {x: -0.26546356, y: -0.000000038146972, z: 0}
  m_LocalScale: {x: 1, y: 1, z: 1}
  m_Children:
  - {fileID: 4900409797200742}
  m_Father: {fileID: 4368254351141842}
  m_RootOrder: 0
  m_LocalEulerAnglesHint: {x: 0, y: 0, z: 0}
--- !u!4 &4234759671130090
Transform:
  m_ObjectHideFlags: 1
  m_CorrespondingSourceObject: {fileID: 0}
  m_PrefabInternal: {fileID: 100100000}
  m_GameObject: {fileID: 1611707802843700}
  m_LocalRotation: {x: 0.0000002710972, y: 0.22210501, z: -0.0069046225, w: 0.9749983}
  m_LocalPosition: {x: -0.082102045, y: 0.00000015258789, z: -0.136837}
  m_LocalScale: {x: 1.0000001, y: 0.9999999, z: 1.0000002}
  m_Children:
  - {fileID: 4827735924730706}
  m_Father: {fileID: 4344200243477552}
  m_RootOrder: 0
  m_LocalEulerAnglesHint: {x: 0, y: 0, z: 0}
--- !u!4 &4252417558172462
Transform:
  m_ObjectHideFlags: 1
  m_CorrespondingSourceObject: {fileID: 0}
  m_PrefabInternal: {fileID: 100100000}
  m_GameObject: {fileID: 1672323770648458}
  m_LocalRotation: {x: 0.50000006, y: -0.50000006, z: -0.49999997, w: 0.49999997}
  m_LocalPosition: {x: -0.67575395, y: -0.00000006914311, z: -0.6171882}
  m_LocalScale: {x: 1, y: 1, z: 1}
  m_Children: []
  m_Father: {fileID: 4580472671727756}
  m_RootOrder: 4
  m_LocalEulerAnglesHint: {x: 0, y: 0, z: 0}
--- !u!4 &4257480380742208
Transform:
  m_ObjectHideFlags: 1
  m_CorrespondingSourceObject: {fileID: 0}
  m_PrefabInternal: {fileID: 100100000}
  m_GameObject: {fileID: 1201542131315734}
  m_LocalRotation: {x: -0.7071068, y: 0, z: -0, w: 0.7071068}
  m_LocalPosition: {x: 0, y: 0, z: 0}
  m_LocalScale: {x: 1, y: 1, z: 1}
  m_Children: []
  m_Father: {fileID: 4580472671727756}
  m_RootOrder: 32
  m_LocalEulerAnglesHint: {x: 0, y: 0, z: 0}
--- !u!4 &4291974895221070
Transform:
  m_ObjectHideFlags: 1
  m_CorrespondingSourceObject: {fileID: 0}
  m_PrefabInternal: {fileID: 100100000}
  m_GameObject: {fileID: 1860629708586088}
  m_LocalRotation: {x: -0.21202779, y: 0.6741288, z: 0.38363194, w: 0.5944924}
  m_LocalPosition: {x: -0.08789948, y: -0.34865087, z: 0.33744696}
  m_LocalScale: {x: 1, y: 0.99999994, z: 0.99999994}
  m_Children:
  - {fileID: 4002132395893498}
  m_Father: {fileID: 4322168965836308}
  m_RootOrder: 1
  m_LocalEulerAnglesHint: {x: 0, y: 0, z: 0}
--- !u!4 &4296314065777352
Transform:
  m_ObjectHideFlags: 1
  m_CorrespondingSourceObject: {fileID: 0}
  m_PrefabInternal: {fileID: 100100000}
  m_GameObject: {fileID: 1011752534370554}
  m_LocalRotation: {x: -2.9100067e-12, y: 0.0000000032445175, z: 0.01668872, w: 0.99986076}
  m_LocalPosition: {x: -0.57419527, y: -0.000000038146972, z: 1.1732481e-12}
  m_LocalScale: {x: 1.0000001, y: 1.0000001, z: 1}
  m_Children:
  - {fileID: 4499418386425866}
  m_Father: {fileID: 4915302533386478}
  m_RootOrder: 0
  m_LocalEulerAnglesHint: {x: 0, y: 0, z: 0}
--- !u!4 &4302293063736330
Transform:
  m_ObjectHideFlags: 1
  m_CorrespondingSourceObject: {fileID: 0}
  m_PrefabInternal: {fileID: 100100000}
  m_GameObject: {fileID: 1168625906485434}
  m_LocalRotation: {x: 0.7160197, y: -0.09706611, z: 0.09204973, w: 0.68514293}
  m_LocalPosition: {x: -0.3374469, y: 1.5229009, z: 0.32003668}
  m_LocalScale: {x: 1, y: 0.99999994, z: 0.9999999}
  m_Children: []
  m_Father: {fileID: 4580472671727756}
  m_RootOrder: 6
  m_LocalEulerAnglesHint: {x: 0, y: 0, z: 0}
--- !u!4 &4309877096847614
Transform:
  m_ObjectHideFlags: 1
  m_CorrespondingSourceObject: {fileID: 0}
  m_PrefabInternal: {fileID: 100100000}
  m_GameObject: {fileID: 1788203732175714}
  m_LocalRotation: {x: -0.00000012093203, y: 0.000000092618485, z: 0.45471933, w: 0.89063483}
  m_LocalPosition: {x: -0.29192123, y: 0, z: 1.8189894e-14}
  m_LocalScale: {x: 0.9999998, y: 1, z: 0.9999998}
  m_Children:
  - {fileID: 4377757985533478}
  m_Father: {fileID: 4432161162876626}
  m_RootOrder: 0
  m_LocalEulerAnglesHint: {x: 0, y: 0, z: 0}
--- !u!4 &4322168965836308
Transform:
  m_ObjectHideFlags: 1
  m_CorrespondingSourceObject: {fileID: 0}
  m_PrefabInternal: {fileID: 100100000}
  m_GameObject: {fileID: 1665978997706552}
  m_LocalRotation: {x: -0.000000018222714, y: 0.000000084324505, z: 0.2040121, w: 0.9789684}
  m_LocalPosition: {x: -0.3369175, y: 0, z: 0}
  m_LocalScale: {x: 1, y: 1.0000002, z: 1}
  m_Children:
  - {fileID: 4395648776651488}
  - {fileID: 4291974895221070}
  - {fileID: 4432161162876626}
  - {fileID: 4986598090735988}
  - {fileID: 4193398018944534}
  m_Father: {fileID: 4835460512457342}
  m_RootOrder: 0
  m_LocalEulerAnglesHint: {x: 0, y: 0, z: 0}
--- !u!4 &4330570485018622
Transform:
  m_ObjectHideFlags: 1
  m_CorrespondingSourceObject: {fileID: 0}
  m_PrefabInternal: {fileID: 100100000}
  m_GameObject: {fileID: 1537024155934956}
  m_LocalRotation: {x: -0.3067507, y: 0.6622933, z: 0.6068007, w: 0.3147451}
  m_LocalPosition: {x: 1.2410692, y: 1.5349598, z: 0.07184948}
  m_LocalScale: {x: 0.9999996, y: 1.0000005, z: 0.99999994}
  m_Children: []
  m_Father: {fileID: 4580472671727756}
  m_RootOrder: 19
  m_LocalEulerAnglesHint: {x: 0, y: 0, z: 0}
--- !u!4 &4344200243477552
Transform:
  m_ObjectHideFlags: 1
  m_CorrespondingSourceObject: {fileID: 0}
  m_PrefabInternal: {fileID: 100100000}
  m_GameObject: {fileID: 1966590853709676}
  m_LocalRotation: {x: 0.640866, y: 0.28028443, z: 0.25677368, w: 0.66693234}
  m_LocalPosition: {x: -1.1981657, y: 0.0000012207031, z: 0.0000007629394}
  m_LocalScale: {x: 0.9999991, y: 0.9999998, z: 1.0000012}
  m_Children:
  - {fileID: 4234759671130090}
  - {fileID: 4735158305164002}
  m_Father: {fileID: 4615966873171052}
  m_RootOrder: 0
  m_LocalEulerAnglesHint: {x: 0, y: 0, z: 0}
--- !u!4 &4365422319111904
Transform:
  m_ObjectHideFlags: 1
  m_CorrespondingSourceObject: {fileID: 0}
  m_PrefabInternal: {fileID: 100100000}
  m_GameObject: {fileID: 1513863682515506}
  m_LocalRotation: {x: -2.7380778e-29, y: -1.926751e-15, z: -1.4210855e-14, w: 1}
  m_LocalPosition: {x: -0.2641528, y: 0, z: -0.000000076293944}
  m_LocalScale: {x: 1, y: 1, z: 1}
  m_Children: []
  m_Father: {fileID: 4987217980221110}
  m_RootOrder: 0
  m_LocalEulerAnglesHint: {x: 0, y: 0, z: 0}
--- !u!4 &4367325379185320
Transform:
  m_ObjectHideFlags: 1
  m_CorrespondingSourceObject: {fileID: 0}
  m_PrefabInternal: {fileID: 100100000}
  m_GameObject: {fileID: 1330406507505686}
  m_LocalRotation: {x: 0, y: -1.926751e-15, z: -0, w: 1}
  m_LocalPosition: {x: -0.2561485, y: -1.1641532e-12, z: -0.000000076293944}
  m_LocalScale: {x: 1, y: 1, z: 1}
  m_Children: []
  m_Father: {fileID: 4060330004157164}
  m_RootOrder: 0
  m_LocalEulerAnglesHint: {x: 0, y: 0, z: 0}
--- !u!4 &4368254351141842
Transform:
  m_ObjectHideFlags: 1
  m_CorrespondingSourceObject: {fileID: 0}
  m_PrefabInternal: {fileID: 100100000}
  m_GameObject: {fileID: 1132101419223024}
  m_LocalRotation: {x: 0.008572711, y: -0.0179303, z: -0.02290347, w: 0.99954015}
  m_LocalPosition: {x: -0.39823103, y: -0.000000038146972, z: 0.000000076293944}
  m_LocalScale: {x: 0.9999817, y: 1.0000125, z: 1.0000062}
  m_Children:
  - {fileID: 4234592434639802}
  m_Father: {fileID: 4991114664977654}
  m_RootOrder: 0
  m_LocalEulerAnglesHint: {x: 0, y: 0, z: 0}
--- !u!4 &4373838848850828
Transform:
  m_ObjectHideFlags: 1
  m_CorrespondingSourceObject: {fileID: 0}
  m_PrefabInternal: {fileID: 100100000}
  m_GameObject: {fileID: 1655498798519532}
  m_LocalRotation: {x: -2.7768388e-13, y: -0.0000000409074, z: -0.2100987, w: 0.9776802}
  m_LocalPosition: {x: -0.044841077, y: 0.20310394, z: -0.00000003954574}
  m_LocalScale: {x: 1, y: 1, z: 1}
  m_Children: []
  m_Father: {fileID: 4451246541193780}
  m_RootOrder: 0
  m_LocalEulerAnglesHint: {x: 0, y: 0, z: 0}
--- !u!4 &4377757985533478
Transform:
  m_ObjectHideFlags: 1
  m_CorrespondingSourceObject: {fileID: 0}
  m_PrefabInternal: {fileID: 100100000}
  m_GameObject: {fileID: 1725172022513632}
  m_LocalRotation: {x: 0.00000014351218, y: -0.000000023590987, z: -0.37276626, w: 0.9279253}
  m_LocalPosition: {x: -0.7707504, y: 0.000000076293944, z: 0}
  m_LocalScale: {x: 1.0000004, y: 0.99999994, z: 1.0000001}
  m_Children:
  - {fileID: 4651916109888824}
  m_Father: {fileID: 4309877096847614}
  m_RootOrder: 0
  m_LocalEulerAnglesHint: {x: 0, y: 0, z: 0}
--- !u!4 &4382513799912354
Transform:
  m_ObjectHideFlags: 1
  m_CorrespondingSourceObject: {fileID: 0}
  m_PrefabInternal: {fileID: 100100000}
  m_GameObject: {fileID: 1224765470895764}
  m_LocalRotation: {x: 0.005693729, y: -0.5283691, z: -0.026525952, w: 0.8485812}
  m_LocalPosition: {x: -0.1105574, y: 0.0021995544, z: -0.014760056}
  m_LocalScale: {x: 0.9999986, y: 1.0000002, z: 1.0000012}
  m_Children:
  - {fileID: 4584942110297068}
  m_Father: {fileID: 4091978014627482}
  m_RootOrder: 1
  m_LocalEulerAnglesHint: {x: 0, y: 0, z: 0}
--- !u!4 &4386646772999938
Transform:
  m_ObjectHideFlags: 1
  m_CorrespondingSourceObject: {fileID: 0}
  m_PrefabInternal: {fileID: 100100000}
  m_GameObject: {fileID: 1131176865219796}
  m_LocalRotation: {x: 0.50000006, y: -0.50000006, z: -0.49999997, w: 0.49999997}
  m_LocalPosition: {x: 0.647603, y: 0.00000008544358, z: 0.46088594}
  m_LocalScale: {x: 1, y: 1, z: 1}
  m_Children: []
  m_Father: {fileID: 4580472671727756}
  m_RootOrder: 16
  m_LocalEulerAnglesHint: {x: 0, y: 0, z: 0}
--- !u!4 &4392158328154756
Transform:
  m_ObjectHideFlags: 1
  m_CorrespondingSourceObject: {fileID: 0}
  m_PrefabInternal: {fileID: 100100000}
  m_GameObject: {fileID: 1633520475484238}
  m_LocalRotation: {x: 1.0047561e-10, y: -0.00000010026783, z: -0.5151111, w: 0.8571235}
  m_LocalPosition: {x: -0.586134, y: 0, z: 1.9499565e-11}
  m_LocalScale: {x: 1.0000002, y: 1.0000002, z: 1}
  m_Children: []
  m_Father: {fileID: 4499418386425866}
  m_RootOrder: 0
  m_LocalEulerAnglesHint: {x: 0, y: 0, z: 0}
--- !u!4 &4395648776651488
Transform:
  m_ObjectHideFlags: 1
  m_CorrespondingSourceObject: {fileID: 0}
  m_PrefabInternal: {fileID: 100100000}
  m_GameObject: {fileID: 1058195756076030}
  m_LocalRotation: {x: -0.18887255, y: 0.965089, z: 0.1343521, w: 0.12198337}
  m_LocalPosition: {x: -0.04795662, y: 0.056413688, z: 0.42566362}
  m_LocalScale: {x: 1, y: 1.0000001, z: 1}
  m_Children:
  - {fileID: 4398934636901322}
  m_Father: {fileID: 4322168965836308}
  m_RootOrder: 0
  m_LocalEulerAnglesHint: {x: 0, y: 0, z: 0}
--- !u!4 &4398934636901322
Transform:
  m_ObjectHideFlags: 1
  m_CorrespondingSourceObject: {fileID: 0}
  m_PrefabInternal: {fileID: 100100000}
  m_GameObject: {fileID: 1558123652651476}
  m_LocalRotation: {x: 0.024892572, y: 0.15994371, z: -0.4687527, w: 0.8683716}
  m_LocalPosition: {x: -0.72498226, y: -0.000000019073486, z: 0}
  m_LocalScale: {x: 0.9999839, y: 1.0000114, z: 1.0000049}
  m_Children:
  - {fileID: 4135393773709888}
  m_Father: {fileID: 4395648776651488}
  m_RootOrder: 0
  m_LocalEulerAnglesHint: {x: 0, y: 0, z: 0}
--- !u!4 &4413215924346206
Transform:
  m_ObjectHideFlags: 1
  m_CorrespondingSourceObject: {fileID: 0}
  m_PrefabInternal: {fileID: 100100000}
  m_GameObject: {fileID: 1677275753497686}
  m_LocalRotation: {x: -0.124645434, y: -0.69603413, z: 0.124645576, w: 0.6960342}
  m_LocalPosition: {x: -0.000000019745798, y: 1.2934319, z: -0.5152979}
  m_LocalScale: {x: 1, y: 1, z: 1}
  m_Children: []
  m_Father: {fileID: 4580472671727756}
  m_RootOrder: 25
  m_LocalEulerAnglesHint: {x: 0, y: 0, z: 0}
--- !u!4 &4432161162876626
Transform:
  m_ObjectHideFlags: 1
  m_CorrespondingSourceObject: {fileID: 0}
  m_PrefabInternal: {fileID: 100100000}
  m_GameObject: {fileID: 1080955491035724}
  m_LocalRotation: {x: 0.000000040274692, y: -0.0000000040923265, z: 0.02699735, w: 0.9996355}
  m_LocalPosition: {x: 0, y: 0, z: 0}
  m_LocalScale: {x: 0.9999999, y: 1, z: 1}
  m_Children:
  - {fileID: 4309877096847614}
  m_Father: {fileID: 4322168965836308}
  m_RootOrder: 2
  m_LocalEulerAnglesHint: {x: 0, y: 0, z: 0}
--- !u!4 &4433033215852904
Transform:
  m_ObjectHideFlags: 1
  m_CorrespondingSourceObject: {fileID: 0}
  m_PrefabInternal: {fileID: 100100000}
  m_GameObject: {fileID: 1923965879792682}
  m_LocalRotation: {x: -0.020346146, y: -0.42890972, z: -0.014651415, w: 0.90299934}
  m_LocalPosition: {x: -3.2734127, y: 1.5718479, z: 0.7568368}
  m_LocalScale: {x: 1.0000004, y: 1.0000001, z: 0.99999946}
  m_Children: []
  m_Father: {fileID: 4580472671727756}
  m_RootOrder: 9
  m_LocalEulerAnglesHint: {x: 0, y: 0, z: 0}
--- !u!4 &4451246541193780
Transform:
  m_ObjectHideFlags: 1
  m_CorrespondingSourceObject: {fileID: 0}
  m_PrefabInternal: {fileID: 100100000}
  m_GameObject: {fileID: 1394284186570542}
  m_LocalRotation: {x: 0.00000007020436, y: 0.000000103017825, z: -0.043286648, w: 0.9990627}
  m_LocalPosition: {x: -0.6073274, y: 0, z: -1.8189894e-14}
  m_LocalScale: {x: 0.99999964, y: 0.9999998, z: 1}
  m_Children:
  - {fileID: 4373838848850828}
  - {fileID: 4133208825949608}
  m_Father: {fileID: 4651916109888824}
  m_RootOrder: 0
  m_LocalEulerAnglesHint: {x: 0, y: 0, z: 0}
--- !u!4 &4487625737082168
Transform:
  m_ObjectHideFlags: 1
  m_CorrespondingSourceObject: {fileID: 0}
  m_PrefabInternal: {fileID: 100100000}
  m_GameObject: {fileID: 1266844866436984}
  m_LocalRotation: {x: -0.70047647, y: -0.096605696, z: 0.7004765, w: 0.09660584}
  m_LocalPosition: {x: 0.00000015906105, y: 2.3905926, z: 1.5129219}
  m_LocalScale: {x: 1, y: 1, z: 1}
  m_Children: []
  m_Father: {fileID: 4580472671727756}
  m_RootOrder: 1
  m_LocalEulerAnglesHint: {x: 0, y: 0, z: 0}
--- !u!4 &4489614130602564
Transform:
  m_ObjectHideFlags: 1
  m_CorrespondingSourceObject: {fileID: 0}
  m_PrefabInternal: {fileID: 100100000}
  m_GameObject: {fileID: 1502202241599920}
  m_LocalRotation: {x: -0.7062484, y: 0.034832086, z: 0.7062484, w: -0.034831952}
  m_LocalPosition: {x: -0.000000019745798, y: 1.2934319, z: -0.5152979}
  m_LocalScale: {x: 1.0000001, y: 0.99999994, z: 1}
  m_Children:
  - {fileID: 4493199086928930}
  - {fileID: 4067450713743280}
  - {fileID: 4015010573315364}
  - {fileID: 4528469819663104}
  m_Father: {fileID: 4580472671727756}
  m_RootOrder: 13
  m_LocalEulerAnglesHint: {x: 0, y: 0, z: 0}
--- !u!4 &4493199086928930
Transform:
  m_ObjectHideFlags: 1
  m_CorrespondingSourceObject: {fileID: 0}
  m_PrefabInternal: {fileID: 100100000}
  m_GameObject: {fileID: 1138225822971062}
  m_LocalRotation: {x: 0.7052224, y: -0.6857634, z: -0.104694255, w: -0.14638644}
  m_LocalPosition: {x: -0.000000038146972, y: -0.00000015258789, z: 0.37938002}
  m_LocalScale: {x: 1, y: 1, z: 1}
  m_Children:
  - {fileID: 4574970302604176}
  m_Father: {fileID: 4489614130602564}
  m_RootOrder: 0
  m_LocalEulerAnglesHint: {x: 0, y: 0, z: 0}
--- !u!4 &4499418386425866
Transform:
  m_ObjectHideFlags: 1
  m_CorrespondingSourceObject: {fileID: 0}
  m_PrefabInternal: {fileID: 100100000}
  m_GameObject: {fileID: 1985717069331744}
  m_LocalRotation: {x: 1.3076881e-11, y: 0.00000010337774, z: 0.53085315, w: 0.84746385}
  m_LocalPosition: {x: -0.51010466, y: -0.000000076293944, z: -8.203642e-12}
  m_LocalScale: {x: 1.0000001, y: 1.0000001, z: 1}
  m_Children:
  - {fileID: 4392158328154756}
  m_Father: {fileID: 4296314065777352}
  m_RootOrder: 0
  m_LocalEulerAnglesHint: {x: 0, y: 0, z: 0}
--- !u!4 &4528469819663104
Transform:
  m_ObjectHideFlags: 1
  m_CorrespondingSourceObject: {fileID: 0}
  m_PrefabInternal: {fileID: 100100000}
  m_GameObject: {fileID: 1981828747513508}
  m_LocalRotation: {x: -3.3477032e-14, y: 0.00000019311632, z: 0.9918292, w: -0.1275728}
  m_LocalPosition: {x: 0, y: 0, z: 0}
  m_LocalScale: {x: 1, y: 1, z: 1}
  m_Children:
  - {fileID: 4755384432136554}
  m_Father: {fileID: 4489614130602564}
  m_RootOrder: 3
  m_LocalEulerAnglesHint: {x: 0, y: 0, z: 0}
--- !u!4 &4537751694470584
Transform:
  m_ObjectHideFlags: 1
  m_CorrespondingSourceObject: {fileID: 0}
  m_PrefabInternal: {fileID: 100100000}
  m_GameObject: {fileID: 1420002548479218}
  m_LocalRotation: {x: -0.014451455, y: -0.70011896, z: -0.020487646, w: 0.7135859}
  m_LocalPosition: {x: -2.7005785, y: 1.5784833, z: 0.09367752}
  m_LocalScale: {x: 0.99999994, y: 1.0000001, z: 0.9999997}
  m_Children: []
  m_Father: {fileID: 4580472671727756}
  m_RootOrder: 11
  m_LocalEulerAnglesHint: {x: 0, y: 0, z: 0}
--- !u!4 &4543981088947382
Transform:
  m_ObjectHideFlags: 1
  m_CorrespondingSourceObject: {fileID: 0}
  m_PrefabInternal: {fileID: 100100000}
  m_GameObject: {fileID: 1714489990361698}
  m_LocalRotation: {x: 0, y: 0, z: 0, w: 1}
  m_LocalPosition: {x: 0, y: 0, z: 0}
  m_LocalScale: {x: 1, y: 1, z: 1}
  m_Children:
  - {fileID: 4580472671727756}
  m_Father: {fileID: 0}
  m_RootOrder: 0
  m_LocalEulerAnglesHint: {x: 0, y: 0, z: 0}
--- !u!4 &4574970302604176
Transform:
  m_ObjectHideFlags: 1
  m_CorrespondingSourceObject: {fileID: 0}
  m_PrefabInternal: {fileID: 100100000}
  m_GameObject: {fileID: 1604479407051018}
  m_LocalRotation: {x: -0.040124144, y: 0.00904117, z: 0.45114407, w: 0.89150286}
  m_LocalPosition: {x: -0.5391464, y: 0.000000038146972, z: 0}
  m_LocalScale: {x: 1.0000039, y: 0.99999607, z: 0.99999994}
  m_Children:
  - {fileID: 4934598724250814}
  m_Father: {fileID: 4493199086928930}
  m_RootOrder: 0
  m_LocalEulerAnglesHint: {x: 0, y: 0, z: 0}
--- !u!4 &4580472671727756
Transform:
  m_ObjectHideFlags: 1
  m_CorrespondingSourceObject: {fileID: 0}
  m_PrefabInternal: {fileID: 100100000}
  m_GameObject: {fileID: 1248599215148590}
  m_LocalRotation: {x: 0, y: 0, z: 0, w: 1}
  m_LocalPosition: {x: 0, y: 1.5, z: 0}
  m_LocalScale: {x: 1.8, y: 1.8, z: 1.8}
  m_Children:
  - {fileID: 4705340358436272}
  - {fileID: 4487625737082168}
  - {fileID: 4141963196194680}
  - {fileID: 4779528956906144}
  - {fileID: 4252417558172462}
  - {fileID: 4898181150290234}
  - {fileID: 4302293063736330}
  - {fileID: 4982898591181676}
  - {fileID: 4821290272042254}
  - {fileID: 4433033215852904}
  - {fileID: 4628890691462194}
  - {fileID: 4537751694470584}
  - {fileID: 4709007533802208}
  - {fileID: 4489614130602564}
  - {fileID: 4950325050711316}
  - {fileID: 4666079494531068}
  - {fileID: 4386646772999938}
  - {fileID: 4615359084008434}
  - {fileID: 4175412738678042}
  - {fileID: 4330570485018622}
  - {fileID: 4120140044333994}
  - {fileID: 4885699712543820}
  - {fileID: 4072248540577742}
  - {fileID: 4078717243228510}
  - {fileID: 4775419421712520}
  - {fileID: 4413215924346206}
  - {fileID: 4584745859774566}
  - {fileID: 4880007772292530}
  - {fileID: 4232897197209984}
  - {fileID: 4128414144093214}
  - {fileID: 4926630494118864}
  - {fileID: 4065313346873834}
  - {fileID: 4257480380742208}
  m_Father: {fileID: 4543981088947382}
  m_RootOrder: 0
  m_LocalEulerAnglesHint: {x: 0, y: 0, z: 0}
--- !u!4 &4584745859774566
Transform:
  m_ObjectHideFlags: 1
  m_CorrespondingSourceObject: {fileID: 0}
  m_PrefabInternal: {fileID: 100100000}
  m_GameObject: {fileID: 1733645299880888}
  m_LocalRotation: {x: -0.14466767, y: -0.6921497, z: 0.1446678, w: 0.69214976}
  m_LocalPosition: {x: -0.000000035328096, y: 1.1615249, z: -0.8717785}
  m_LocalScale: {x: 1, y: 1, z: 1}
  m_Children: []
  m_Father: {fileID: 4580472671727756}
  m_RootOrder: 26
  m_LocalEulerAnglesHint: {x: 0, y: 0, z: 0}
--- !u!4 &4584942110297068
Transform:
  m_ObjectHideFlags: 1
  m_CorrespondingSourceObject: {fileID: 0}
  m_PrefabInternal: {fileID: 100100000}
  m_GameObject: {fileID: 1355661038487494}
  m_LocalRotation: {x: 0.0022320538, y: -0.2794176, z: -0.012807994, w: 0.96008164}
  m_LocalPosition: {x: -1.1081957, y: -0.000004272461, z: -0.0000012207031}
  m_LocalScale: {x: 1.0000001, y: 1.0000004, z: 0.99999934}
  m_Children: []
  m_Father: {fileID: 4382513799912354}
  m_RootOrder: 0
  m_LocalEulerAnglesHint: {x: 0, y: 0, z: 0}
--- !u!4 &4585585169794584
Transform:
  m_ObjectHideFlags: 1
  m_CorrespondingSourceObject: {fileID: 0}
  m_PrefabInternal: {fileID: 100100000}
  m_GameObject: {fileID: 1641013259801042}
  m_LocalRotation: {x: -0.0000004052911, y: -0.22210494, z: -0.0069048526, w: 0.97499835}
  m_LocalPosition: {x: -0.08210235, y: -0.00000030517577, z: 0.13615264}
  m_LocalScale: {x: 0.99999994, y: 1.0000002, z: 0.9999998}
  m_Children:
  - {fileID: 4684605449794026}
  m_Father: {fileID: 4091978014627482}
  m_RootOrder: 0
  m_LocalEulerAnglesHint: {x: 0, y: 0, z: 0}
--- !u!4 &4615359084008434
Transform:
  m_ObjectHideFlags: 1
  m_CorrespondingSourceObject: {fileID: 0}
  m_PrefabInternal: {fileID: 100100000}
  m_GameObject: {fileID: 1092095406804314}
  m_LocalRotation: {x: 0.67022866, y: -0.22537434, z: -0.67022866, w: 0.22537422}
  m_LocalPosition: {x: 0.000000052886996, y: 1.1919773, z: 0.4606542}
  m_LocalScale: {x: 0.99999994, y: 1, z: 1}
  m_Children: []
  m_Father: {fileID: 4580472671727756}
  m_RootOrder: 17
  m_LocalEulerAnglesHint: {x: 0, y: 0, z: 0}
--- !u!4 &4615966873171052
Transform:
  m_ObjectHideFlags: 1
  m_CorrespondingSourceObject: {fileID: 0}
  m_PrefabInternal: {fileID: 100100000}
  m_GameObject: {fileID: 1853934394335494}
  m_LocalRotation: {x: 0.05927272, y: -0.004436123, z: -0.55539584, w: 0.8294592}
  m_LocalPosition: {x: -0.9371635, y: -0.0000011444091, z: -0.00000045776366}
  m_LocalScale: {x: 0.9999993, y: 1.000001, z: 0.9999998}
  m_Children:
  - {fileID: 4344200243477552}
  m_Father: {fileID: 4193398018944534}
  m_RootOrder: 0
  m_LocalEulerAnglesHint: {x: 0, y: 0, z: 0}
--- !u!4 &4628890691462194
Transform:
  m_ObjectHideFlags: 1
  m_CorrespondingSourceObject: {fileID: 0}
  m_PrefabInternal: {fileID: 100100000}
  m_GameObject: {fileID: 1126125217272688}
  m_LocalRotation: {x: -0.018710418, y: -0.47255272, z: -0.016127046, w: 0.8809562}
  m_LocalPosition: {x: -2.0878925, y: 1.5665911, z: 1.0170268}
  m_LocalScale: {x: 0.9999993, y: 1.0000002, z: 1.0000005}
  m_Children: []
  m_Father: {fileID: 4580472671727756}
  m_RootOrder: 10
  m_LocalEulerAnglesHint: {x: 0, y: 0, z: 0}
--- !u!4 &4651916109888824
Transform:
  m_ObjectHideFlags: 1
  m_CorrespondingSourceObject: {fileID: 0}
  m_PrefabInternal: {fileID: 100100000}
  m_GameObject: {fileID: 1310540589694276}
  m_LocalRotation: {x: -0.00000012435157, y: -0.00000021583733, z: -0.5100179, w: 0.86016387}
  m_LocalPosition: {x: -0.45900556, y: 0.000000076293944, z: 0}
  m_LocalScale: {x: 1.0000004, y: 1.0000004, z: 1}
  m_Children:
  - {fileID: 4451246541193780}
  m_Father: {fileID: 4377757985533478}
  m_RootOrder: 0
  m_LocalEulerAnglesHint: {x: 0, y: 0, z: 0}
--- !u!4 &4666079494531068
Transform:
  m_ObjectHideFlags: 1
  m_CorrespondingSourceObject: {fileID: 0}
  m_PrefabInternal: {fileID: 100100000}
  m_GameObject: {fileID: 1491310092959978}
  m_LocalRotation: {x: 0.50000006, y: -0.50000006, z: -0.49999997, w: 0.49999997}
  m_LocalPosition: {x: 0.6757541, y: -0.00000006914315, z: -0.617188}
  m_LocalScale: {x: 1, y: 1, z: 1}
  m_Children: []
  m_Father: {fileID: 4580472671727756}
  m_RootOrder: 15
  m_LocalEulerAnglesHint: {x: 0, y: 0, z: 0}
--- !u!4 &4684605449794026
Transform:
  m_ObjectHideFlags: 1
  m_CorrespondingSourceObject: {fileID: 0}
  m_PrefabInternal: {fileID: 100100000}
  m_GameObject: {fileID: 1554904975327904}
  m_LocalRotation: {x: 0.0023014138, y: -0.28012237, z: -0.01835429, w: 0.9597861}
  m_LocalPosition: {x: -1.2984641, y: 0, z: -0.000001373291}
  m_LocalScale: {x: 1.0000008, y: 1.0000002, z: 0.99999887}
  m_Children: []
  m_Father: {fileID: 4585585169794584}
  m_RootOrder: 0
  m_LocalEulerAnglesHint: {x: 0, y: 0, z: 0}
--- !u!4 &4705340358436272
Transform:
  m_ObjectHideFlags: 1
  m_CorrespondingSourceObject: {fileID: 0}
  m_PrefabInternal: {fileID: 100100000}
  m_GameObject: {fileID: 1993129528597878}
  m_LocalRotation: {x: 0.50000006, y: -0.50000006, z: -0.49999997, w: 0.49999997}
  m_LocalPosition: {x: 0, y: 0, z: -0.06356323}
  m_LocalScale: {x: 1, y: 1, z: 1}
  m_Children: []
  m_Father: {fileID: 4580472671727756}
  m_RootOrder: 0
  m_LocalEulerAnglesHint: {x: 0, y: 0, z: 0}
--- !u!4 &4709007533802208
Transform:
  m_ObjectHideFlags: 1
  m_CorrespondingSourceObject: {fileID: 0}
  m_PrefabInternal: {fileID: 100100000}
  m_GameObject: {fileID: 1624453445311468}
  m_LocalRotation: {x: -0.024904592, y: 0.06505901, z: -0.002889871, w: 0.9975664}
  m_LocalPosition: {x: -1.9763604, y: 1.5641264, z: 1.0174192}
  m_LocalScale: {x: 1.0000005, y: 1, z: 0.9999994}
  m_Children: []
  m_Father: {fileID: 4580472671727756}
  m_RootOrder: 12
  m_LocalEulerAnglesHint: {x: 0, y: 0, z: 0}
--- !u!4 &4721077766250398
Transform:
  m_ObjectHideFlags: 1
  m_CorrespondingSourceObject: {fileID: 0}
  m_PrefabInternal: {fileID: 100100000}
  m_GameObject: {fileID: 1814108807641198}
  m_LocalRotation: {x: 0, y: -1.926751e-15, z: -0, w: 1}
  m_LocalPosition: {x: -0.26415282, y: 0, z: -0.000000076293944}
  m_LocalScale: {x: 1, y: 1, z: 1}
  m_Children: []
  m_Father: {fileID: 4813257222886440}
  m_RootOrder: 0
  m_LocalEulerAnglesHint: {x: 0, y: 0, z: 0}
--- !u!4 &4735158305164002
Transform:
  m_ObjectHideFlags: 1
  m_CorrespondingSourceObject: {fileID: 0}
  m_PrefabInternal: {fileID: 100100000}
  m_GameObject: {fileID: 1832195815913158}
  m_LocalRotation: {x: -0.005688389, y: 0.52836865, z: -0.026531143, w: 0.8485814}
  m_LocalPosition: {x: -0.11055725, y: 0.002199707, z: 0.014760284}
  m_LocalScale: {x: 1.0000013, y: 0.99999994, z: 0.9999991}
  m_Children:
  - {fileID: 4951326692489098}
  m_Father: {fileID: 4344200243477552}
  m_RootOrder: 1
  m_LocalEulerAnglesHint: {x: 0, y: 0, z: 0}
--- !u!4 &4755384432136554
Transform:
  m_ObjectHideFlags: 1
  m_CorrespondingSourceObject: {fileID: 0}
  m_PrefabInternal: {fileID: 100100000}
  m_GameObject: {fileID: 1365469789491572}
  m_LocalRotation: {x: -2.6141004e-14, y: 0.000000005615392, z: 0.02884068, w: 0.999584}
  m_LocalPosition: {x: -0.38010237, y: 0, z: 5.456968e-14}
  m_LocalScale: {x: 0.99999994, y: 0.99999994, z: 1}
  m_Children:
  - {fileID: 4921417665986178}
  m_Father: {fileID: 4528469819663104}
  m_RootOrder: 0
  m_LocalEulerAnglesHint: {x: 0, y: 0, z: 0}
--- !u!4 &4775419421712520
Transform:
  m_ObjectHideFlags: 1
  m_CorrespondingSourceObject: {fileID: 0}
  m_PrefabInternal: {fileID: 100100000}
  m_GameObject: {fileID: 1149269164040128}
  m_LocalRotation: {x: -0.0028898157, y: 0.99756646, z: -0.024905033, w: 0.06505876}
  m_LocalPosition: {x: 1.9763587, y: 1.5641266, z: 1.0174185}
  m_LocalScale: {x: 0.99999964, y: 0.99999994, z: 1.0000006}
  m_Children: []
  m_Father: {fileID: 4580472671727756}
  m_RootOrder: 24
  m_LocalEulerAnglesHint: {x: 0, y: 0, z: 0}
--- !u!4 &4779528956906144
Transform:
  m_ObjectHideFlags: 1
  m_CorrespondingSourceObject: {fileID: 0}
  m_PrefabInternal: {fileID: 100100000}
  m_GameObject: {fileID: 1344223765399694}
  m_LocalRotation: {x: -0.70702475, y: -0.010770158, z: 0.70702475, w: 0.010770297}
  m_LocalPosition: {x: 0.00000016421325, y: 2.4644427, z: 1.6307929}
  m_LocalScale: {x: 1, y: 1, z: 1}
  m_Children: []
  m_Father: {fileID: 4580472671727756}
  m_RootOrder: 3
  m_LocalEulerAnglesHint: {x: 0, y: 0, z: 0}
--- !u!4 &4813257222886440
Transform:
  m_ObjectHideFlags: 1
  m_CorrespondingSourceObject: {fileID: 0}
  m_PrefabInternal: {fileID: 100100000}
  m_GameObject: {fileID: 1334336072837678}
  m_LocalRotation: {x: 0.00007049736, y: -0.00010957409, z: -0.54100525, w: 0.8410192}
  m_LocalPosition: {x: -0.49261275, y: -0.000000038146972, z: 0.000000076293944}
  m_LocalScale: {x: 0.99999994, y: 0.99999994, z: 1}
  m_Children:
  - {fileID: 4721077766250398}
  m_Father: {fileID: 4934598724250814}
  m_RootOrder: 0
  m_LocalEulerAnglesHint: {x: 0, y: 0, z: 0}
--- !u!4 &4821290272042254
Transform:
  m_ObjectHideFlags: 1
  m_CorrespondingSourceObject: {fileID: 0}
  m_PrefabInternal: {fileID: 100100000}
  m_GameObject: {fileID: 1331402317929484}
  m_LocalRotation: {x: -0.025373766, y: -0.1583045, z: -0.0041741314, w: 0.9870555}
  m_LocalPosition: {x: -2.0400739, y: 1.5715797, z: 1.1628954}
  m_LocalScale: {x: 1, y: 1.0000001, z: 0.9999999}
  m_Children: []
  m_Father: {fileID: 4580472671727756}
  m_RootOrder: 8
  m_LocalEulerAnglesHint: {x: 0, y: 0, z: 0}
--- !u!4 &4827735924730706
Transform:
  m_ObjectHideFlags: 1
  m_CorrespondingSourceObject: {fileID: 0}
  m_PrefabInternal: {fileID: 100100000}
  m_GameObject: {fileID: 1395474912758384}
  m_LocalRotation: {x: -0.0023003207, y: 0.28012174, z: -0.018354291, w: 0.9597863}
  m_LocalPosition: {x: -1.2984635, y: -0.00000015258789, z: -0.0000015258788}
  m_LocalScale: {x: 0.99999905, y: 0.9999998, z: 1.0000013}
  m_Children: []
  m_Father: {fileID: 4234759671130090}
  m_RootOrder: 0
  m_LocalEulerAnglesHint: {x: 0, y: 0, z: 0}
--- !u!4 &4835460512457342
Transform:
  m_ObjectHideFlags: 1
  m_CorrespondingSourceObject: {fileID: 0}
  m_PrefabInternal: {fileID: 100100000}
  m_GameObject: {fileID: 1761771192038590}
  m_LocalRotation: {x: 0.000000017961742, y: -0.000000002445707, z: 0.2720288, w: 0.96228915}
  m_LocalPosition: {x: -0.33691746, y: 0, z: 0}
  m_LocalScale: {x: 0.99999994, y: 0.9999999, z: 1}
  m_Children:
  - {fileID: 4322168965836308}
  m_Father: {fileID: 4077310571424930}
  m_RootOrder: 0
  m_LocalEulerAnglesHint: {x: 0, y: 0, z: 0}
--- !u!4 &4880007772292530
Transform:
  m_ObjectHideFlags: 1
  m_CorrespondingSourceObject: {fileID: 0}
  m_PrefabInternal: {fileID: 100100000}
  m_GameObject: {fileID: 1631859196047592}
  m_LocalRotation: {x: -0.1425215, y: -0.6925948, z: 0.14252163, w: 0.6925949}
  m_LocalPosition: {x: -0.00000005550757, y: 0.95972586, z: -1.3334339}
  m_LocalScale: {x: 0.99999994, y: 0.99999994, z: 1}
  m_Children: []
  m_Father: {fileID: 4580472671727756}
  m_RootOrder: 27
  m_LocalEulerAnglesHint: {x: 0, y: 0, z: 0}
--- !u!4 &4885699712543820
Transform:
  m_ObjectHideFlags: 1
  m_CorrespondingSourceObject: {fileID: 0}
  m_PrefabInternal: {fileID: 100100000}
  m_GameObject: {fileID: 1237687851736710}
  m_LocalRotation: {x: -0.014650455, y: 0.90299964, z: -0.020345384, w: -0.4289092}
  m_LocalPosition: {x: 3.273322, y: 1.5718817, z: 0.7575154}
  m_LocalScale: {x: 0.9999996, y: 0.9999998, z: 1.0000006}
  m_Children: []
  m_Father: {fileID: 4580472671727756}
  m_RootOrder: 21
  m_LocalEulerAnglesHint: {x: 0, y: 0, z: 0}
--- !u!4 &4898181150290234
Transform:
  m_ObjectHideFlags: 1
  m_CorrespondingSourceObject: {fileID: 0}
  m_PrefabInternal: {fileID: 100100000}
  m_GameObject: {fileID: 1668023087669610}
  m_LocalRotation: {x: 0.50000006, y: -0.50000006, z: -0.49999997, w: 0.49999997}
  m_LocalPosition: {x: -0.64760315, y: 0.00000008544362, z: 0.46088573}
  m_LocalScale: {x: 1, y: 1, z: 1}
  m_Children: []
  m_Father: {fileID: 4580472671727756}
  m_RootOrder: 5
  m_LocalEulerAnglesHint: {x: 0, y: 0, z: 0}
--- !u!4 &4900409797200742
Transform:
  m_ObjectHideFlags: 1
  m_CorrespondingSourceObject: {fileID: 0}
  m_PrefabInternal: {fileID: 100100000}
  m_GameObject: {fileID: 1594892334030782}
  m_LocalRotation: {x: -2.7380778e-29, y: -1.926751e-15, z: -1.4210855e-14, w: 1}
  m_LocalPosition: {x: -0.25614855, y: 0, z: -0.000000076293944}
  m_LocalScale: {x: 1, y: 1, z: 1}
  m_Children: []
  m_Father: {fileID: 4234592434639802}
  m_RootOrder: 0
  m_LocalEulerAnglesHint: {x: 0, y: 0, z: 0}
--- !u!4 &4915302533386478
Transform:
  m_ObjectHideFlags: 1
  m_CorrespondingSourceObject: {fileID: 0}
  m_PrefabInternal: {fileID: 100100000}
  m_GameObject: {fileID: 1309887278613744}
  m_LocalRotation: {x: 2.885509e-12, y: -0.00000008775583, z: -0.4507076, w: 0.89267164}
  m_LocalPosition: {x: -0.599219, y: 0, z: 1.7462298e-12}
  m_LocalScale: {x: 1, y: 1, z: 1}
  m_Children:
  - {fileID: 4296314065777352}
  m_Father: {fileID: 4921417665986178}
  m_RootOrder: 0
  m_LocalEulerAnglesHint: {x: 0, y: 0, z: 0}
--- !u!4 &4921417665986178
Transform:
  m_ObjectHideFlags: 1
  m_CorrespondingSourceObject: {fileID: 0}
  m_PrefabInternal: {fileID: 100100000}
  m_GameObject: {fileID: 1015143295392128}
  m_LocalRotation: {x: 8.6054e-14, y: -6.026145e-10, z: -0.0030997249, w: 0.99999523}
  m_LocalPosition: {x: -0.50383383, y: 0, z: -2.3646861e-13}
  m_LocalScale: {x: 0.99999994, y: 0.99999994, z: 1}
  m_Children:
  - {fileID: 4915302533386478}
  m_Father: {fileID: 4755384432136554}
  m_RootOrder: 0
  m_LocalEulerAnglesHint: {x: 0, y: 0, z: 0}
--- !u!4 &4926630494118864
Transform:
  m_ObjectHideFlags: 1
  m_CorrespondingSourceObject: {fileID: 0}
  m_PrefabInternal: {fileID: 100100000}
  m_GameObject: {fileID: 1974656092176352}
  m_LocalRotation: {x: -0.21684319, y: -0.6730372, z: 0.21684332, w: 0.67303723}
  m_LocalPosition: {x: -0.00000012084706, y: 1.2557154, z: -2.8282826}
  m_LocalScale: {x: 1.0000001, y: 1.0000001, z: 1}
  m_Children: []
  m_Father: {fileID: 4580472671727756}
  m_RootOrder: 30
  m_LocalEulerAnglesHint: {x: 0, y: 0, z: 0}
--- !u!4 &4934598724250814
Transform:
  m_ObjectHideFlags: 1
  m_CorrespondingSourceObject: {fileID: 0}
  m_PrefabInternal: {fileID: 100100000}
  m_GameObject: {fileID: 1298528887294876}
  m_LocalRotation: {x: 0.065423146, y: 0.17530374, z: -0.5639285, w: 0.80434644}
  m_LocalPosition: {x: -0.52134347, y: 0, z: 0.000000076293944}
  m_LocalScale: {x: 0.99999946, y: 0.9999978, z: 1.0000029}
  m_Children:
  - {fileID: 4813257222886440}
  m_Father: {fileID: 4574970302604176}
  m_RootOrder: 0
  m_LocalEulerAnglesHint: {x: 0, y: 0, z: 0}
--- !u!4 &4950325050711316
Transform:
  m_ObjectHideFlags: 1
  m_CorrespondingSourceObject: {fileID: 0}
  m_PrefabInternal: {fileID: 100100000}
  m_GameObject: {fileID: 1903642025945612}
  m_LocalRotation: {x: -0.7062484, y: 0.034832086, z: 0.7062484, w: -0.034831952}
  m_LocalPosition: {x: -0.000000019745798, y: 1.2934319, z: -0.5152979}
  m_LocalScale: {x: 1.0000001, y: 0.99999994, z: 1}
  m_Children: []
  m_Father: {fileID: 4580472671727756}
  m_RootOrder: 14
  m_LocalEulerAnglesHint: {x: 0, y: 0, z: 0}
--- !u!4 &4951326692489098
Transform:
  m_ObjectHideFlags: 1
  m_CorrespondingSourceObject: {fileID: 0}
  m_PrefabInternal: {fileID: 100100000}
  m_GameObject: {fileID: 1424601335535430}
  m_LocalRotation: {x: -0.0022274756, y: 0.27941594, z: -0.01281428, w: 0.96008205}
  m_LocalPosition: {x: -1.1081986, y: 0.0000044250487, z: -0.0000012207031}
  m_LocalScale: {x: 0.99999994, y: 0.99999976, z: 1.0000008}
  m_Children: []
  m_Father: {fileID: 4735158305164002}
  m_RootOrder: 0
  m_LocalEulerAnglesHint: {x: 0, y: 0, z: 0}
--- !u!4 &4982898591181676
Transform:
  m_ObjectHideFlags: 1
  m_CorrespondingSourceObject: {fileID: 0}
  m_PrefabInternal: {fileID: 100100000}
  m_GameObject: {fileID: 1492686330764030}
  m_LocalRotation: {x: 0.6068012, y: 0.31474477, z: -0.30675024, w: 0.6622932}
  m_LocalPosition: {x: -1.2410692, y: 1.5349604, z: 0.071850374}
  m_LocalScale: {x: 1.0000004, y: 0.9999995, z: 1.0000001}
  m_Children: []
  m_Father: {fileID: 4580472671727756}
  m_RootOrder: 7
  m_LocalEulerAnglesHint: {x: 0, y: 0, z: 0}
--- !u!4 &4986598090735988
Transform:
  m_ObjectHideFlags: 1
  m_CorrespondingSourceObject: {fileID: 0}
  m_PrefabInternal: {fileID: 100100000}
  m_GameObject: {fileID: 1242930512471820}
  m_LocalRotation: {x: -0.18886812, y: 0.96508926, z: -0.13435426, w: -0.1219856}
  m_LocalPosition: {x: -0.047956467, y: 0.056413688, z: -0.42566362}
  m_LocalScale: {x: 1, y: 0.99999994, z: 1}
  m_Children:
  - {fileID: 4991114664977654}
  m_Father: {fileID: 4322168965836308}
  m_RootOrder: 3
  m_LocalEulerAnglesHint: {x: 0, y: 0, z: 0}
--- !u!4 &4987217980221110
Transform:
  m_ObjectHideFlags: 1
  m_CorrespondingSourceObject: {fileID: 0}
  m_PrefabInternal: {fileID: 100100000}
  m_GameObject: {fileID: 1991911515060352}
  m_LocalRotation: {x: 0.000000006339984, y: -6.707624e-11, z: -0.5411005, w: 0.84095794}
  m_LocalPosition: {x: -0.49261284, y: 0, z: 0}
  m_LocalScale: {x: 1, y: 1, z: 1}
  m_Children:
  - {fileID: 4365422319111904}
  m_Father: {fileID: 4049898637018996}
  m_RootOrder: 0
  m_LocalEulerAnglesHint: {x: 0, y: 0, z: 0}
--- !u!4 &4991114664977654
Transform:
  m_ObjectHideFlags: 1
  m_CorrespondingSourceObject: {fileID: 0}
  m_PrefabInternal: {fileID: 100100000}
  m_GameObject: {fileID: 1896379011279952}
  m_LocalRotation: {x: -0.024887268, y: -0.15995051, z: -0.4687528, w: 0.8683705}
  m_LocalPosition: {x: -0.7249822, y: 0.000000019073486, z: 0}
  m_LocalScale: {x: 1.0000162, y: 0.9999885, z: 0.99999505}
  m_Children:
  - {fileID: 4368254351141842}
  m_Father: {fileID: 4986598090735988}
  m_RootOrder: 0
  m_LocalEulerAnglesHint: {x: 0, y: 0, z: 0}
--- !u!54 &54449421245140474
Rigidbody:
  m_ObjectHideFlags: 1
  m_CorrespondingSourceObject: {fileID: 0}
  m_PrefabInternal: {fileID: 100100000}
  m_GameObject: {fileID: 1714489990361698}
  serializedVersion: 2
  m_Mass: 1
  m_Drag: 0
  m_AngularDrag: 0.05
  m_UseGravity: 0
  m_IsKinematic: 1
  m_Interpolate: 0
  m_Constraints: 0
  m_CollisionDetection: 0
--- !u!95 &95985393615631710
Animator:
  serializedVersion: 3
  m_ObjectHideFlags: 1
  m_CorrespondingSourceObject: {fileID: 0}
  m_PrefabInternal: {fileID: 100100000}
  m_GameObject: {fileID: 1248599215148590}
  m_Enabled: 1
  m_Avatar: {fileID: 9000000, guid: ff475114c240ff643aead33d7e05a767, type: 3}
  m_Controller: {fileID: 9100000, guid: a3c41460d19c9ca4f981899323a18382, type: 2}
  m_CullingMode: 1
  m_UpdateMode: 0
  m_ApplyRootMotion: 0
  m_LinearVelocityBlending: 0
  m_WarningMessage: 
  m_HasTransformHierarchy: 1
  m_AllowConstantClipSamplingOptimization: 1
  m_KeepAnimatorControllerStateOnDisable: 0
--- !u!114 &114025135050915588
MonoBehaviour:
  m_ObjectHideFlags: 1
  m_CorrespondingSourceObject: {fileID: 0}
  m_PrefabInternal: {fileID: 100100000}
  m_GameObject: {fileID: 1714489990361698}
  m_Enabled: 1
  m_EditorHideFlags: 0
  m_Script: {fileID: 11500000, guid: aa584fbee541324448dd18d8409c7a41, type: 3}
  m_Name: 
  m_EditorClassIdentifier: 
  ObservedComponentsFoldoutOpen: 1
  Group: 0
  prefixField: -1
  Synchronization: 3
  OwnershipTransfer: 0
  ObservedComponents:
  - {fileID: 114980590362721964}
  viewIdField: 0
  InstantiationId: 0
  isRuntimeInstantiated: 0
--- !u!114 &114110910835275396
MonoBehaviour:
  m_ObjectHideFlags: 1
  m_CorrespondingSourceObject: {fileID: 0}
  m_PrefabInternal: {fileID: 100100000}
  m_GameObject: {fileID: 1714489990361698}
  m_Enabled: 1
  m_EditorHideFlags: 0
  m_Script: {fileID: 11500000, guid: 48e797780b9106f40b2962a6a1417c08, type: 3}
  m_Name: 
  m_EditorClassIdentifier: 
  projectile: {fileID: 114428154958805990, guid: 699b1116b81e6f944a59df497eb150ad,
    type: 2}
  projectileStartLocation: {fileID: 4373838848850828}
--- !u!114 &114980590362721964
MonoBehaviour:
  m_ObjectHideFlags: 1
  m_CorrespondingSourceObject: {fileID: 0}
  m_PrefabInternal: {fileID: 100100000}
  m_GameObject: {fileID: 1714489990361698}
  m_Enabled: 1
  m_EditorHideFlags: 0
  m_Script: {fileID: 11500000, guid: f75a0df3bfcba8642a8225ee1c25c4fe, type: 3}
  m_Name: 
  m_EditorClassIdentifier: 
  healthBarY: 8.5
  anim: {fileID: 95985393615631710}
  passiveAnim: {fileID: 0}
  projectileHeight: 3
  sound: {fileID: 0}
  faction: 2
  flying: 1
  type: 0
  speed: 3
  size: 4
  baseHealth: 2000
  aggroRange: 6
  attackRange: 4
  baseAttack: 250
  attackDelay: 0.82
  attackLength: 2.3
  targeting: 0
  attack: {fileID: 114110910835275396}
  decision: {fileID: 0}
  passive: {fileID: 0}
  state: 0
  level: 0
  teamID: 0
  AI: 0
  maxHealth: 0
  health: 0
  attackDamage: 0
  attackTimer: 0
  attacked: 0
  enemy: {fileID: 0}
  repathTimer: 0
  passiveCooldown: 0
  radius: 0
  nav: {fileID: 0}
  capsule: {fileID: 0}
  healthBar: {fileID: 0}
  masterPosition: {x: 0, y: 0, z: 0}
  masterRotation: {x: 0, y: 0, z: 0, w: 0}
--- !u!136 &136922305000613070
CapsuleCollider:
  m_ObjectHideFlags: 1
  m_CorrespondingSourceObject: {fileID: 0}
  m_PrefabInternal: {fileID: 100100000}
  m_GameObject: {fileID: 1714489990361698}
  m_Material: {fileID: 0}
  m_IsTrigger: 0
  m_Enabled: 1
  m_Radius: 0.5
  m_Height: 1
  m_Direction: 1
  m_Center: {x: 0, y: 0, z: 0}
--- !u!137 &137108906689382670
SkinnedMeshRenderer:
  m_ObjectHideFlags: 1
  m_CorrespondingSourceObject: {fileID: 0}
  m_PrefabInternal: {fileID: 100100000}
  m_GameObject: {fileID: 1201542131315734}
  m_Enabled: 1
  m_CastShadows: 1
  m_ReceiveShadows: 1
  m_DynamicOccludee: 1
  m_MotionVectors: 1
  m_LightProbeUsage: 1
  m_ReflectionProbeUsage: 1
  m_RenderingLayerMask: 4294967295
  m_Materials:
  - {fileID: 2100000, guid: fcc25eccf5ac6cc4ab73edc2eeefa827, type: 2}
  m_StaticBatchInfo:
    firstSubMesh: 0
    subMeshCount: 0
  m_StaticBatchRoot: {fileID: 0}
  m_ProbeAnchor: {fileID: 0}
  m_LightProbeVolumeOverride: {fileID: 0}
  m_ScaleInLightmap: 1
  m_PreserveUVs: 0
  m_IgnoreNormalsForChartDetection: 0
  m_ImportantGI: 0
  m_StitchLightmapSeams: 0
  m_SelectedEditorRenderState: 3
  m_MinimumChartSize: 4
  m_AutoUVMaxDistance: 0.5
  m_AutoUVMaxAngle: 89
  m_LightmapParameters: {fileID: 0}
  m_SortingLayerID: 0
  m_SortingLayer: 0
  m_SortingOrder: 0
  serializedVersion: 2
  m_Quality: 0
  m_UpdateWhenOffscreen: 0
  m_SkinnedMotionVectors: 1
  m_Mesh: {fileID: 4300000, guid: ff475114c240ff643aead33d7e05a767, type: 3}
  m_Bones:
  - {fileID: 4489614130602564}
  - {fileID: 4755384432136554}
  - {fileID: 4309877096847614}
  - {fileID: 4322168965836308}
  - {fileID: 4835460512457342}
  - {fileID: 4193398018944534}
  - {fileID: 4986598090735988}
  - {fileID: 4077310571424930}
  - {fileID: 4432161162876626}
  - {fileID: 4015010573315364}
  - {fileID: 4067450713743280}
  - {fileID: 4921417665986178}
  - {fileID: 4915302533386478}
  - {fileID: 4296314065777352}
  - {fileID: 4499418386425866}
  - {fileID: 4392158328154756}
  - {fileID: 4451246541193780}
  - {fileID: 4373838848850828}
  - {fileID: 4133208825949608}
  - {fileID: 4377757985533478}
  - {fileID: 4651916109888824}
  - {fileID: 4368254351141842}
  - {fileID: 4234592434639802}
  - {fileID: 4991114664977654}
  - {fileID: 4900409797200742}
  - {fileID: 4047436186454182}
  - {fileID: 4049898637018996}
  - {fileID: 4987217980221110}
  - {fileID: 4365422319111904}
  - {fileID: 4615966873171052}
  - {fileID: 4344200243477552}
  - {fileID: 4234759671130090}
  - {fileID: 4735158305164002}
  - {fileID: 4827735924730706}
  - {fileID: 4493199086928930}
  - {fileID: 4291974895221070}
  - {fileID: 4395648776651488}
  - {fileID: 4135393773709888}
  - {fileID: 4060330004157164}
  - {fileID: 4398934636901322}
  - {fileID: 4367325379185320}
  - {fileID: 4934598724250814}
  - {fileID: 4813257222886440}
  - {fileID: 4574970302604176}
  - {fileID: 4721077766250398}
  - {fileID: 4002132395893498}
  - {fileID: 4091978014627482}
  - {fileID: 4585585169794584}
  - {fileID: 4382513799912354}
  - {fileID: 4684605449794026}
  - {fileID: 4951326692489098}
  - {fileID: 4584942110297068}
  m_BlendShapeWeights: []
  m_RootBone: {fileID: 4489614130602564}
  m_AABB:
    m_Center: {x: 0.26290727, y: -0.073150575, z: 0.00004529953}
    m_Extent: {x: 3.3143585, y: 1.5110946, z: 4.4917154}
  m_DirtyAABB: 0
--- !u!195 &195819554020005480
NavMeshAgent:
  m_ObjectHideFlags: 1
  m_CorrespondingSourceObject: {fileID: 0}
  m_PrefabInternal: {fileID: 100100000}
  m_GameObject: {fileID: 1714489990361698}
  m_Enabled: 1
  m_AgentTypeID: 0
  m_Radius: 0.5
  m_Speed: 3.5
  m_Acceleration: 100
  avoidancePriority: 50
  m_AngularSpeed: 240
  m_StoppingDistance: 0
  m_AutoTraverseOffMeshLink: 1
  m_AutoBraking: 0
  m_AutoRepath: 1
  m_Height: 2
  m_BaseOffset: 0
  m_WalkableMask: 4294967295
  m_ObstacleAvoidanceType: 4
