%YAML 1.1
%TAG !u! tag:unity3d.com,2011:
--- !u!1 &103394
GameObject:
  m_ObjectHideFlags: 1
  m_PrefabParentObject: {fileID: 0}
  m_PrefabInternal: {fileID: 100100000}
  serializedVersion: 4
  m_Component:
  - 4: {fileID: 471502}
  m_Layer: 0
  m_Name: RigRArmFinger1
  m_TagString: Untagged
  m_Icon: {fileID: 0}
  m_NavMeshLayer: 0
  m_StaticEditorFlags: 0
  m_IsActive: 1
--- !u!1 &104470
GameObject:
  m_ObjectHideFlags: 1
  m_PrefabParentObject: {fileID: 0}
  m_PrefabInternal: {fileID: 100100000}
  serializedVersion: 4
  m_Component:
  - 4: {fileID: 440372}
  m_Layer: 0
  m_Name: RigRLeg1
  m_TagString: Untagged
  m_Icon: {fileID: 0}
  m_NavMeshLayer: 0
  m_StaticEditorFlags: 0
  m_IsActive: 1
--- !u!1 &105172
GameObject:
  m_ObjectHideFlags: 1
  m_PrefabParentObject: {fileID: 0}
  m_PrefabInternal: {fileID: 100100000}
  serializedVersion: 4
  m_Component:
  - 4: {fileID: 439174}
  m_Layer: 0
  m_Name: RigRLeg2
  m_TagString: Untagged
  m_Icon: {fileID: 0}
  m_NavMeshLayer: 0
  m_StaticEditorFlags: 0
  m_IsActive: 1
--- !u!1 &113264
GameObject:
  m_ObjectHideFlags: 1
  m_PrefabParentObject: {fileID: 0}
  m_PrefabInternal: {fileID: 100100000}
  serializedVersion: 4
  m_Component:
  - 4: {fileID: 482814}
  m_Layer: 0
  m_Name: RigLArmFinger1
  m_TagString: Untagged
  m_Icon: {fileID: 0}
  m_NavMeshLayer: 0
  m_StaticEditorFlags: 0
  m_IsActive: 1
--- !u!1 &114500
GameObject:
  m_ObjectHideFlags: 1
  m_PrefabParentObject: {fileID: 0}
  m_PrefabInternal: {fileID: 100100000}
  serializedVersion: 4
  m_Component:
  - 4: {fileID: 481884}
  m_Layer: 0
  m_Name: RigNeck
  m_TagString: Untagged
  m_Icon: {fileID: 0}
  m_NavMeshLayer: 0
  m_StaticEditorFlags: 0
  m_IsActive: 1
--- !u!1 &114592
GameObject:
  m_ObjectHideFlags: 0
  m_PrefabParentObject: {fileID: 0}
  m_PrefabInternal: {fileID: 100100000}
  serializedVersion: 4
  m_Component:
  - 4: {fileID: 449986}
  - 137: {fileID: 13793300}
  m_Layer: 0
  m_Name: Toon Mushroom
  m_TagString: Untagged
  m_Icon: {fileID: 0}
  m_NavMeshLayer: 0
  m_StaticEditorFlags: 0
  m_IsActive: 1
--- !u!1 &114918
GameObject:
  m_ObjectHideFlags: 1
  m_PrefabParentObject: {fileID: 0}
  m_PrefabInternal: {fileID: 100100000}
  serializedVersion: 4
  m_Component:
  - 4: {fileID: 460440}
  m_Layer: 0
  m_Name: RigHead
  m_TagString: Untagged
  m_Icon: {fileID: 0}
  m_NavMeshLayer: 0
  m_StaticEditorFlags: 0
  m_IsActive: 1
--- !u!1 &120064
GameObject:
  m_ObjectHideFlags: 0
  m_PrefabParentObject: {fileID: 0}
  m_PrefabInternal: {fileID: 100100000}
  serializedVersion: 4
  m_Component:
  - 4: {fileID: 406640}
  m_Layer: 0
  m_Name: RigLArmPalmGizmo
  m_TagString: Untagged
  m_Icon: {fileID: 0}
  m_NavMeshLayer: 0
  m_StaticEditorFlags: 0
  m_IsActive: 1
--- !u!1 &125278
GameObject:
  m_ObjectHideFlags: 0
  m_PrefabParentObject: {fileID: 0}
  m_PrefabInternal: {fileID: 100100000}
  serializedVersion: 4
  m_Component:
  - 4: {fileID: 488796}
  m_Layer: 0
  m_Name: RigLArm2Gizmo
  m_TagString: Untagged
  m_Icon: {fileID: 0}
  m_NavMeshLayer: 0
  m_StaticEditorFlags: 0
  m_IsActive: 1
--- !u!1 &127468
GameObject:
  m_ObjectHideFlags: 1
  m_PrefabParentObject: {fileID: 0}
  m_PrefabInternal: {fileID: 100100000}
  serializedVersion: 4
  m_Component:
  - 4: {fileID: 402928}
  m_Layer: 0
  m_Name: RigRArmCollarbone
  m_TagString: Untagged
  m_Icon: {fileID: 0}
  m_NavMeshLayer: 0
  m_StaticEditorFlags: 0
  m_IsActive: 1
--- !u!1 &127732
GameObject:
  m_ObjectHideFlags: 0
  m_PrefabParentObject: {fileID: 0}
  m_PrefabInternal: {fileID: 100100000}
  serializedVersion: 4
  m_Component:
  - 4: {fileID: 474982}
  m_Layer: 0
  m_Name: RigHeadGizmo
  m_TagString: Untagged
  m_Icon: {fileID: 0}
  m_NavMeshLayer: 0
  m_StaticEditorFlags: 0
  m_IsActive: 1
--- !u!1 &127898
GameObject:
  m_ObjectHideFlags: 1
  m_PrefabParentObject: {fileID: 0}
  m_PrefabInternal: {fileID: 100100000}
  serializedVersion: 4
  m_Component:
  - 4: {fileID: 420648}
  m_Layer: 0
  m_Name: RigLArmPalm
  m_TagString: Untagged
  m_Icon: {fileID: 0}
  m_NavMeshLayer: 0
  m_StaticEditorFlags: 0
  m_IsActive: 1
--- !u!1 &128398
GameObject:
  m_ObjectHideFlags: 1
  m_PrefabParentObject: {fileID: 0}
  m_PrefabInternal: {fileID: 100100000}
  serializedVersion: 4
  m_Component:
  - 4: {fileID: 417702}
  m_Layer: 0
  m_Name: RigLArmCollarbone
  m_TagString: Untagged
  m_Icon: {fileID: 0}
  m_NavMeshLayer: 0
  m_StaticEditorFlags: 0
  m_IsActive: 1
--- !u!1 &129624
GameObject:
  m_ObjectHideFlags: 1
  m_PrefabParentObject: {fileID: 0}
  m_PrefabInternal: {fileID: 100100000}
  serializedVersion: 4
  m_Component:
  - 4: {fileID: 423394}
  m_Layer: 0
  m_Name: RigLArm2
  m_TagString: Untagged
  m_Icon: {fileID: 0}
  m_NavMeshLayer: 0
  m_StaticEditorFlags: 0
  m_IsActive: 1
--- !u!1 &132734
GameObject:
  m_ObjectHideFlags: 0
  m_PrefabParentObject: {fileID: 0}
  m_PrefabInternal: {fileID: 100100000}
  serializedVersion: 4
  m_Component:
  - 4: {fileID: 456348}
  m_Layer: 0
  m_Name: RigLArm1Gizmo
  m_TagString: Untagged
  m_Icon: {fileID: 0}
  m_NavMeshLayer: 0
  m_StaticEditorFlags: 0
  m_IsActive: 1
--- !u!1 &134302
GameObject:
  m_ObjectHideFlags: 0
  m_PrefabParentObject: {fileID: 0}
  m_PrefabInternal: {fileID: 100100000}
  serializedVersion: 4
  m_Component:
  - 4: {fileID: 457612}
  m_Layer: 0
  m_Name: RigRArm2Gizmo
  m_TagString: Untagged
  m_Icon: {fileID: 0}
  m_NavMeshLayer: 0
  m_StaticEditorFlags: 0
  m_IsActive: 1
--- !u!1 &137840
GameObject:
  m_ObjectHideFlags: 0
  m_PrefabParentObject: {fileID: 0}
  m_PrefabInternal: {fileID: 100100000}
  serializedVersion: 4
  m_Component:
  - 4: {fileID: 466344}
  m_Layer: 0
  m_Name: Rig
  m_TagString: Untagged
  m_Icon: {fileID: 0}
  m_NavMeshLayer: 0
  m_StaticEditorFlags: 0
  m_IsActive: 1
--- !u!1 &138208
GameObject:
  m_ObjectHideFlags: 1
  m_PrefabParentObject: {fileID: 0}
  m_PrefabInternal: {fileID: 100100000}
  serializedVersion: 4
  m_Component:
  - 4: {fileID: 430142}
  m_Layer: 0
  m_Name: RigLArmFinger2
  m_TagString: Untagged
  m_Icon: {fileID: 0}
  m_NavMeshLayer: 0
  m_StaticEditorFlags: 0
  m_IsActive: 1
--- !u!1 &138324
GameObject:
  m_ObjectHideFlags: 1
  m_PrefabParentObject: {fileID: 0}
  m_PrefabInternal: {fileID: 100100000}
  serializedVersion: 4
  m_Component:
  - 4: {fileID: 480204}
  m_Layer: 0
  m_Name: RigSpineLow
  m_TagString: Untagged
  m_Icon: {fileID: 0}
  m_NavMeshLayer: 0
  m_StaticEditorFlags: 0
  m_IsActive: 1
--- !u!1 &138844
GameObject:
  m_ObjectHideFlags: 0
  m_PrefabParentObject: {fileID: 0}
  m_PrefabInternal: {fileID: 100100000}
  serializedVersion: 4
  m_Component:
  - 4: {fileID: 467404}
  m_Layer: 0
  m_Name: RigRLegPlatform
  m_TagString: Untagged
  m_Icon: {fileID: 0}
  m_NavMeshLayer: 0
  m_StaticEditorFlags: 0
  m_IsActive: 1
--- !u!1 &147966
GameObject:
  m_ObjectHideFlags: 1
  m_PrefabParentObject: {fileID: 0}
  m_PrefabInternal: {fileID: 100100000}
  serializedVersion: 4
  m_Component:
  - 4: {fileID: 449516}
  m_Layer: 0
  m_Name: RigRArm2
  m_TagString: Untagged
  m_Icon: {fileID: 0}
  m_NavMeshLayer: 0
  m_StaticEditorFlags: 0
  m_IsActive: 1
--- !u!1 &151918
GameObject:
  m_ObjectHideFlags: 1
  m_PrefabParentObject: {fileID: 0}
  m_PrefabInternal: {fileID: 100100000}
  serializedVersion: 4
  m_Component:
  - 4: {fileID: 490442}
  m_Layer: 0
  m_Name: RigLArm1
  m_TagString: Untagged
  m_Icon: {fileID: 0}
  m_NavMeshLayer: 0
  m_StaticEditorFlags: 0
  m_IsActive: 1
--- !u!1 &155770
GameObject:
  m_ObjectHideFlags: 1
  m_PrefabParentObject: {fileID: 0}
  m_PrefabInternal: {fileID: 100100000}
  serializedVersion: 4
  m_Component:
  - 4: {fileID: 444348}
  m_Layer: 0
  m_Name: RigRArm1
  m_TagString: Untagged
  m_Icon: {fileID: 0}
  m_NavMeshLayer: 0
  m_StaticEditorFlags: 0
  m_IsActive: 1
--- !u!1 &155806
GameObject:
  m_ObjectHideFlags: 1
  m_PrefabParentObject: {fileID: 0}
  m_PrefabInternal: {fileID: 100100000}
  serializedVersion: 4
  m_Component:
  - 4: {fileID: 484052}
  m_Layer: 0
  m_Name: RigMouth
  m_TagString: Untagged
  m_Icon: {fileID: 0}
  m_NavMeshLayer: 0
  m_StaticEditorFlags: 0
  m_IsActive: 1
--- !u!1 &159976
GameObject:
  m_ObjectHideFlags: 1
  m_PrefabParentObject: {fileID: 0}
  m_PrefabInternal: {fileID: 100100000}
  serializedVersion: 4
  m_Component:
  - 4: {fileID: 487534}
  m_Layer: 0
  m_Name: RigRArmPalm
  m_TagString: Untagged
  m_Icon: {fileID: 0}
  m_NavMeshLayer: 0
  m_StaticEditorFlags: 0
  m_IsActive: 1
--- !u!1 &160102
GameObject:
  m_ObjectHideFlags: 1
  m_PrefabParentObject: {fileID: 0}
  m_PrefabInternal: {fileID: 100100000}
  serializedVersion: 4
  m_Component:
  - 4: {fileID: 496908}
  m_Layer: 0
  m_Name: RigRLegAnkle
  m_TagString: Untagged
  m_Icon: {fileID: 0}
  m_NavMeshLayer: 0
  m_StaticEditorFlags: 0
  m_IsActive: 1
--- !u!1 &163026
GameObject:
  m_ObjectHideFlags: 0
  m_PrefabParentObject: {fileID: 0}
  m_PrefabInternal: {fileID: 100100000}
  serializedVersion: 4
  m_Component:
  - 4: {fileID: 429602}
  - 95: {fileID: 9512654}
  m_Layer: 0
  m_Name: Demo Toon Mushroom Red
  m_TagString: Untagged
  m_Icon: {fileID: 0}
  m_NavMeshLayer: 0
  m_StaticEditorFlags: 0
  m_IsActive: 1
--- !u!1 &170788
GameObject:
  m_ObjectHideFlags: 0
  m_PrefabParentObject: {fileID: 0}
  m_PrefabInternal: {fileID: 100100000}
  serializedVersion: 4
  m_Component:
  - 4: {fileID: 410166}
  m_Layer: 0
  m_Name: RigRibcageGizmo
  m_TagString: Untagged
  m_Icon: {fileID: 0}
  m_NavMeshLayer: 0
  m_StaticEditorFlags: 0
  m_IsActive: 1
--- !u!1 &175768
GameObject:
  m_ObjectHideFlags: 0
  m_PrefabParentObject: {fileID: 0}
  m_PrefabInternal: {fileID: 100100000}
  serializedVersion: 4
  m_Component:
  - 4: {fileID: 467238}
  m_Layer: 0
  m_Name: RigMouthGizmo
  m_TagString: Untagged
  m_Icon: {fileID: 0}
  m_NavMeshLayer: 0
  m_StaticEditorFlags: 0
  m_IsActive: 1
--- !u!1 &176820
GameObject:
  m_ObjectHideFlags: 0
  m_PrefabParentObject: {fileID: 0}
  m_PrefabInternal: {fileID: 100100000}
  serializedVersion: 4
  m_Component:
  - 4: {fileID: 415710}
  m_Layer: 0
  m_Name: RigRArmPalmGizmo
  m_TagString: Untagged
  m_Icon: {fileID: 0}
  m_NavMeshLayer: 0
  m_StaticEditorFlags: 0
  m_IsActive: 1
--- !u!1 &178140
GameObject:
  m_ObjectHideFlags: 1
  m_PrefabParentObject: {fileID: 0}
  m_PrefabInternal: {fileID: 100100000}
  serializedVersion: 4
  m_Component:
  - 4: {fileID: 468854}
  m_Layer: 0
  m_Name: RigRArmFinger2
  m_TagString: Untagged
  m_Icon: {fileID: 0}
  m_NavMeshLayer: 0
  m_StaticEditorFlags: 0
  m_IsActive: 1
--- !u!1 &180278
GameObject:
  m_ObjectHideFlags: 0
  m_PrefabParentObject: {fileID: 0}
  m_PrefabInternal: {fileID: 100100000}
  serializedVersion: 4
  m_Component:
  - 4: {fileID: 439748}
  m_Layer: 0
  m_Name: RigPelvisGizmo
  m_TagString: Untagged
  m_Icon: {fileID: 0}
  m_NavMeshLayer: 0
  m_StaticEditorFlags: 0
  m_IsActive: 1
--- !u!1 &186146
GameObject:
  m_ObjectHideFlags: 1
  m_PrefabParentObject: {fileID: 0}
  m_PrefabInternal: {fileID: 100100000}
  serializedVersion: 4
  m_Component:
  - 4: {fileID: 488598}
  m_Layer: 0
  m_Name: RigLLeg2
  m_TagString: Untagged
  m_Icon: {fileID: 0}
  m_NavMeshLayer: 0
  m_StaticEditorFlags: 0
  m_IsActive: 1
--- !u!1 &187926
GameObject:
  m_ObjectHideFlags: 1
  m_PrefabParentObject: {fileID: 0}
  m_PrefabInternal: {fileID: 100100000}
  serializedVersion: 4
  m_Component:
  - 4: {fileID: 476286}
  m_Layer: 0
  m_Name: RigRibcage
  m_TagString: Untagged
  m_Icon: {fileID: 0}
  m_NavMeshLayer: 0
  m_StaticEditorFlags: 0
  m_IsActive: 1
--- !u!1 &188134
GameObject:
  m_ObjectHideFlags: 1
  m_PrefabParentObject: {fileID: 0}
  m_PrefabInternal: {fileID: 100100000}
  serializedVersion: 4
  m_Component:
  - 4: {fileID: 483688}
  m_Layer: 0
  m_Name: RigSpineUp
  m_TagString: Untagged
  m_Icon: {fileID: 0}
  m_NavMeshLayer: 0
  m_StaticEditorFlags: 0
  m_IsActive: 1
--- !u!1 &191946
GameObject:
  m_ObjectHideFlags: 0
  m_PrefabParentObject: {fileID: 0}
  m_PrefabInternal: {fileID: 100100000}
  serializedVersion: 4
  m_Component:
  - 4: {fileID: 487306}
  m_Layer: 0
  m_Name: RigPelvis
  m_TagString: Untagged
  m_Icon: {fileID: 0}
  m_NavMeshLayer: 0
  m_StaticEditorFlags: 0
  m_IsActive: 1
--- !u!1 &192346
GameObject:
  m_ObjectHideFlags: 0
  m_PrefabParentObject: {fileID: 0}
  m_PrefabInternal: {fileID: 100100000}
  serializedVersion: 4
  m_Component:
  - 4: {fileID: 465434}
  m_Layer: 0
  m_Name: RigRArm1Gizmo
  m_TagString: Untagged
  m_Icon: {fileID: 0}
  m_NavMeshLayer: 0
  m_StaticEditorFlags: 0
  m_IsActive: 1
--- !u!1 &194542
GameObject:
  m_ObjectHideFlags: 1
  m_PrefabParentObject: {fileID: 0}
  m_PrefabInternal: {fileID: 100100000}
  serializedVersion: 4
  m_Component:
  - 4: {fileID: 499584}
  m_Layer: 0
  m_Name: RigLLeg1
  m_TagString: Untagged
  m_Icon: {fileID: 0}
  m_NavMeshLayer: 0
  m_StaticEditorFlags: 0
  m_IsActive: 1
--- !u!1 &195720
GameObject:
  m_ObjectHideFlags: 0
  m_PrefabParentObject: {fileID: 0}
  m_PrefabInternal: {fileID: 100100000}
  serializedVersion: 4
  m_Component:
  - 4: {fileID: 483320}
  m_Layer: 0
  m_Name: RigLLegPlatform
  m_TagString: Untagged
  m_Icon: {fileID: 0}
  m_NavMeshLayer: 0
  m_StaticEditorFlags: 0
  m_IsActive: 1
--- !u!1 &196368
GameObject:
  m_ObjectHideFlags: 1
  m_PrefabParentObject: {fileID: 0}
  m_PrefabInternal: {fileID: 100100000}
  serializedVersion: 4
  m_Component:
  - 4: {fileID: 430892}
  m_Layer: 0
  m_Name: RigLLegAnkle
  m_TagString: Untagged
  m_Icon: {fileID: 0}
  m_NavMeshLayer: 0
  m_StaticEditorFlags: 0
  m_IsActive: 1
--- !u!4 &402928
Transform:
  m_ObjectHideFlags: 1
  m_PrefabParentObject: {fileID: 0}
  m_PrefabInternal: {fileID: 100100000}
  m_GameObject: {fileID: 127468}
  m_LocalRotation: {x: -.25804165, y: -.592962086, z: .308609486, w: .697546184}
  m_LocalPosition: {x: -.0407332592, y: .135959446, z: -.0841539726}
  m_LocalScale: {x: .99999994, y: 1, z: 1}
  m_Children:
  - {fileID: 444348}
  m_Father: {fileID: 476286}
  m_RootOrder: 2
--- !u!4 &406640
Transform:
  m_ObjectHideFlags: 1
  m_PrefabParentObject: {fileID: 0}
  m_PrefabInternal: {fileID: 100100000}
  m_GameObject: {fileID: 120064}
  m_LocalRotation: {x: .704625607, y: .00998944137, z: -.000884690555, w: .709508419}
  m_LocalPosition: {x: -.426158428, y: .405482173, z: -.00411383808}
  m_LocalScale: {x: 1, y: .99999994, z: .999999881}
  m_Children: []
  m_Father: {fileID: 429602}
  m_RootOrder: 4
--- !u!4 &410166
Transform:
  m_ObjectHideFlags: 1
  m_PrefabParentObject: {fileID: 0}
  m_PrefabInternal: {fileID: 100100000}
  m_GameObject: {fileID: 170788}
  m_LocalRotation: {x: .50000006, y: -.50000006, z: -.49999997, w: .49999997}
  m_LocalPosition: {x: 4.80457281e-14, y: .346451968, z: -2.0583532e-07}
  m_LocalScale: {x: 1, y: 1, z: 1}
  m_Children: []
  m_Father: {fileID: 429602}
  m_RootOrder: 12
--- !u!4 &415710
Transform:
  m_ObjectHideFlags: 1
  m_PrefabParentObject: {fileID: 0}
  m_PrefabInternal: {fileID: 100100000}
  m_GameObject: {fileID: 176820}
  m_LocalRotation: {x: -.000887042203, y: .709508717, z: .704625309, w: .00999049004}
  m_LocalPosition: {x: .426158428, y: .405482084, z: -.00411372399}
  m_LocalScale: {x: .99999994, y: 1.00000012, z: .99999994}
  m_Children: []
  m_Father: {fileID: 429602}
  m_RootOrder: 11
--- !u!4 &417702
Transform:
  m_ObjectHideFlags: 1
  m_PrefabParentObject: {fileID: 0}
  m_PrefabInternal: {fileID: 100100000}
  m_GameObject: {fileID: 128398}
  m_LocalRotation: {x: .258041739, y: .592962086, z: .308609337, w: .697546184}
  m_LocalPosition: {x: -.0407332592, y: .135959446, z: .0841539726}
  m_LocalScale: {x: 1, y: 1, z: 1}
  m_Children:
  - {fileID: 490442}
  m_Father: {fileID: 476286}
  m_RootOrder: 0
--- !u!4 &420648
Transform:
  m_ObjectHideFlags: 1
  m_PrefabParentObject: {fileID: 0}
  m_PrefabInternal: {fileID: 100100000}
  m_GameObject: {fileID: 127898}
  m_LocalRotation: {x: .00366201764, y: .00843923073, z: -.0151478583, w: .999842942}
  m_LocalPosition: {x: -.107778795, y: 0, z: 0}
  m_LocalScale: {x: .999999821, y: 1, z: .99999994}
  m_Children:
  - {fileID: 482814}
  m_Father: {fileID: 423394}
  m_RootOrder: 0
--- !u!4 &423394
Transform:
  m_ObjectHideFlags: 1
  m_PrefabParentObject: {fileID: 0}
  m_PrefabInternal: {fileID: 100100000}
  m_GameObject: {fileID: 129624}
  m_LocalRotation: {x: -.00798919983, y: -.00963786524, z: -.00376173225, w: .999914587}
  m_LocalPosition: {x: -.110981122, y: 0, z: 0}
  m_LocalScale: {x: 1, y: 1, z: 1}
  m_Children:
  - {fileID: 420648}
  m_Father: {fileID: 490442}
  m_RootOrder: 0
--- !u!4 &429602
Transform:
  m_ObjectHideFlags: 1
  m_PrefabParentObject: {fileID: 0}
  m_PrefabInternal: {fileID: 100100000}
  m_GameObject: {fileID: 163026}
  m_LocalRotation: {x: 0, y: 0, z: 0, w: 1}
  m_LocalPosition: {x: 0, y: 0, z: 0}
  m_LocalScale: {x: 1, y: 1, z: 1}
  m_Children:
  - {fileID: 466344}
  - {fileID: 474982}
  - {fileID: 456348}
  - {fileID: 488796}
  - {fileID: 406640}
  - {fileID: 483320}
  - {fileID: 467238}
  - {fileID: 487306}
  - {fileID: 439748}
  - {fileID: 465434}
  - {fileID: 457612}
  - {fileID: 415710}
  - {fileID: 410166}
  - {fileID: 467404}
  - {fileID: 449986}
  m_Father: {fileID: 0}
  m_RootOrder: 0
--- !u!4 &430142
Transform:
  m_ObjectHideFlags: 1
  m_PrefabParentObject: {fileID: 0}
  m_PrefabInternal: {fileID: 100100000}
  m_GameObject: {fileID: 138208}
  m_LocalRotation: {x: 3.80100118e-07, y: .00436368166, z: -.00517202774, w: .999977112}
  m_LocalPosition: {x: -.0637012869, y: -2.88784491e-07, z: 1.14440915e-07}
  m_LocalScale: {x: .999999821, y: 1, z: .999999821}
  m_Children: []
  m_Father: {fileID: 482814}
  m_RootOrder: 0
--- !u!4 &430892
Transform:
  m_ObjectHideFlags: 1
  m_PrefabParentObject: {fileID: 0}
  m_PrefabInternal: {fileID: 100100000}
  m_GameObject: {fileID: 196368}
  m_LocalRotation: {x: .0188143309, y: .001411887, z: -.275473952, w: .961123407}
  m_LocalPosition: {x: -.0603974238, y: -1.19209287e-09, z: 9.53674295e-09}
  m_LocalScale: {x: 1.00000048, y: .999999642, z: 1}
  m_Children: []
  m_Father: {fileID: 488598}
  m_RootOrder: 0
--- !u!4 &439174
Transform:
  m_ObjectHideFlags: 1
  m_PrefabParentObject: {fileID: 0}
  m_PrefabInternal: {fileID: 100100000}
  m_GameObject: {fileID: 105172}
  m_LocalRotation: {x: .0170172341, y: -.000973923772, z: .0536145195, w: .998416245}
  m_LocalPosition: {x: -.132213786, y: -1.66893006e-08, z: 1.7166137e-07}
  m_LocalScale: {x: .999999821, y: 1, z: 1}
  m_Children:
  - {fileID: 496908}
  m_Father: {fileID: 440372}
  m_RootOrder: 0
--- !u!4 &439748
Transform:
  m_ObjectHideFlags: 1
  m_PrefabParentObject: {fileID: 0}
  m_PrefabInternal: {fileID: 100100000}
  m_GameObject: {fileID: 180278}
  m_LocalRotation: {x: .50000006, y: -.50000006, z: -.49999997, w: .49999997}
  m_LocalPosition: {x: 4.80457281e-14, y: .216448858, z: -1.84655121e-07}
  m_LocalScale: {x: 1, y: 1, z: 1}
  m_Children: []
  m_Father: {fileID: 429602}
  m_RootOrder: 8
--- !u!4 &440372
Transform:
  m_ObjectHideFlags: 1
  m_PrefabParentObject: {fileID: 0}
  m_PrefabInternal: {fileID: 100100000}
  m_GameObject: {fileID: 104470}
  m_LocalRotation: {x: -.0242573358, y: .999701083, z: -.00159363612, w: -.00262164907}
  m_LocalPosition: {x: .00928821508, y: 6.55675905e-08, z: -.133198708}
  m_LocalScale: {x: 1, y: 1, z: 1}
  m_Children:
  - {fileID: 439174}
  m_Father: {fileID: 487306}
  m_RootOrder: 1
--- !u!4 &444348
Transform:
  m_ObjectHideFlags: 1
  m_PrefabParentObject: {fileID: 0}
  m_PrefabInternal: {fileID: 100100000}
  m_GameObject: {fileID: 155770}
  m_LocalRotation: {x: -.0404656902, y: -.0803326219, z: -.39018929, w: .916330457}
  m_LocalPosition: {x: -.184587896, y: -1.90734859e-08, z: 0}
  m_LocalScale: {x: .99999994, y: 1, z: 1}
  m_Children:
  - {fileID: 449516}
  m_Father: {fileID: 402928}
  m_RootOrder: 0
--- !u!4 &449516
Transform:
  m_ObjectHideFlags: 1
  m_PrefabParentObject: {fileID: 0}
  m_PrefabInternal: {fileID: 100100000}
  m_GameObject: {fileID: 147966}
  m_LocalRotation: {x: .00798917841, y: .00963796675, z: -.00376173179, w: .999914587}
  m_LocalPosition: {x: -.110981137, y: 5.96046434e-10, z: -3.81469718e-08}
  m_LocalScale: {x: .99999994, y: .99999994, z: 1}
  m_Children:
  - {fileID: 487534}
  m_Father: {fileID: 444348}
  m_RootOrder: 0
--- !u!4 &449986
Transform:
  m_ObjectHideFlags: 1
  m_PrefabParentObject: {fileID: 0}
  m_PrefabInternal: {fileID: 100100000}
  m_GameObject: {fileID: 114592}
  m_LocalRotation: {x: -.707106829, y: 0, z: -0, w: .707106829}
  m_LocalPosition: {x: 0, y: 0, z: 0}
  m_LocalScale: {x: 1, y: 1, z: 1}
  m_Children: []
  m_Father: {fileID: 429602}
  m_RootOrder: 14
--- !u!4 &456348
Transform:
  m_ObjectHideFlags: 1
  m_PrefabParentObject: {fileID: 0}
  m_PrefabInternal: {fileID: 100100000}
  m_GameObject: {fileID: 132734}
  m_LocalRotation: {x: .707626224, y: -.00241601747, z: .0134510882, w: .706454754}
  m_LocalPosition: {x: -.207452923, y: .40680927, z: -2.19345083e-07}
  m_LocalScale: {x: 1, y: 1, z: .99999994}
  m_Children: []
  m_Father: {fileID: 429602}
  m_RootOrder: 2
--- !u!4 &457612
Transform:
  m_ObjectHideFlags: 1
  m_PrefabParentObject: {fileID: 0}
  m_PrefabInternal: {fileID: 100100000}
  m_GameObject: {fileID: 134302}
  m_LocalRotation: {x: .00395302288, y: .712075114, z: .70206058, w: -.00666999258}
  m_LocalPosition: {x: .318392605, y: .405079454, z: -.0024916972}
  m_LocalScale: {x: .99999994, y: 1.00000012, z: .999999881}
  m_Children: []
  m_Father: {fileID: 429602}
  m_RootOrder: 10
--- !u!4 &460440
Transform:
  m_ObjectHideFlags: 1
  m_PrefabParentObject: {fileID: 0}
  m_PrefabInternal: {fileID: 100100000}
  m_GameObject: {fileID: 114918}
  m_LocalRotation: {x: -7.10542736e-15, y: -1.3271574e-14, z: -7.10542736e-15, w: 1}
  m_LocalPosition: {x: -.222567245, y: 0, z: 5.47523156e-15}
  m_LocalScale: {x: 1, y: 1, z: 1}
  m_Children:
  - {fileID: 484052}
  m_Father: {fileID: 481884}
  m_RootOrder: 0
--- !u!4 &465434
Transform:
  m_ObjectHideFlags: 1
  m_PrefabParentObject: {fileID: 0}
  m_PrefabInternal: {fileID: 100100000}
  m_GameObject: {fileID: 192346}
  m_LocalRotation: {x: .0134510417, y: .706454754, z: .707626283, w: -.0024158475}
  m_LocalPosition: {x: .207452923, y: .406809211, z: -1.7166137e-07}
  m_LocalScale: {x: 1, y: .99999994, z: 1}
  m_Children: []
  m_Father: {fileID: 429602}
  m_RootOrder: 9
--- !u!4 &466344
Transform:
  m_ObjectHideFlags: 1
  m_PrefabParentObject: {fileID: 0}
  m_PrefabInternal: {fileID: 100100000}
  m_GameObject: {fileID: 137840}
  m_LocalRotation: {x: .50000006, y: -.50000006, z: -.49999997, w: .49999997}
  m_LocalPosition: {x: 0, y: 0, z: 0}
  m_LocalScale: {x: 1, y: 1, z: 1}
  m_Children: []
  m_Father: {fileID: 429602}
  m_RootOrder: 0
--- !u!4 &467238
Transform:
  m_ObjectHideFlags: 1
  m_PrefabParentObject: {fileID: 0}
  m_PrefabInternal: {fileID: 100100000}
  m_GameObject: {fileID: 175768}
  m_LocalRotation: {x: -.707096577, y: .00380077725, z: .707096577, w: -.00380063965}
  m_LocalPosition: {x: 4.61493865e-09, y: .418940395, z: .10557612}
  m_LocalScale: {x: 1, y: 1, z: 1}
  m_Children: []
  m_Father: {fileID: 429602}
  m_RootOrder: 6
--- !u!4 &467404
Transform:
  m_ObjectHideFlags: 1
  m_PrefabParentObject: {fileID: 0}
  m_PrefabInternal: {fileID: 100100000}
  m_GameObject: {fileID: 138844}
  m_LocalRotation: {x: .50000006, y: -.50000006, z: -.49999997, w: .49999997}
  m_LocalPosition: {x: .133983091, y: -2.58980747e-14, z: -1.4052145e-07}
  m_LocalScale: {x: 1, y: 1, z: 1}
  m_Children: []
  m_Father: {fileID: 429602}
  m_RootOrder: 13
--- !u!4 &468854
Transform:
  m_ObjectHideFlags: 1
  m_PrefabParentObject: {fileID: 0}
  m_PrefabInternal: {fileID: 100100000}
  m_GameObject: {fileID: 178140}
  m_LocalRotation: {x: 4.04076161e-07, y: -.00436167559, z: -.00517654466, w: .999977112}
  m_LocalPosition: {x: -.063701205, y: 2.88784491e-07, z: 1.14440915e-07}
  m_LocalScale: {x: .999999762, y: 1.00000024, z: .999999762}
  m_Children: []
  m_Father: {fileID: 471502}
  m_RootOrder: 0
--- !u!4 &471502
Transform:
  m_ObjectHideFlags: 1
  m_PrefabParentObject: {fileID: 0}
  m_PrefabInternal: {fileID: 100100000}
  m_GameObject: {fileID: 103394}
  m_LocalRotation: {x: 4.19486241e-07, y: .00436368212, z: .00517201982, w: .999977112}
  m_LocalPosition: {x: -.0648158267, y: 2.92658797e-07, z: 1.14440915e-07}
  m_LocalScale: {x: .999999762, y: 1.00000024, z: .999999762}
  m_Children:
  - {fileID: 468854}
  m_Father: {fileID: 487534}
  m_RootOrder: 0
--- !u!4 &474982
Transform:
  m_ObjectHideFlags: 1
  m_PrefabParentObject: {fileID: 0}
  m_PrefabInternal: {fileID: 100100000}
  m_GameObject: {fileID: 127732}
  m_LocalRotation: {x: .50000006, y: -.50000006, z: -.49999997, w: .49999997}
  m_LocalPosition: {x: 4.80457281e-14, y: .569019258, z: -2.42096121e-07}
  m_LocalScale: {x: 1, y: 1, z: 1}
  m_Children: []
  m_Father: {fileID: 429602}
  m_RootOrder: 1
--- !u!4 &476286
Transform:
  m_ObjectHideFlags: 1
  m_PrefabParentObject: {fileID: 0}
  m_PrefabInternal: {fileID: 100100000}
  m_GameObject: {fileID: 187926}
  m_LocalRotation: {x: -7.10542736e-15, y: -1.3271574e-14, z: -7.10542736e-15, w: 1}
  m_LocalPosition: {x: -.0650015622, y: 0, z: 1.59906151e-15}
  m_LocalScale: {x: 1, y: 1, z: 1}
  m_Children:
  - {fileID: 417702}
  - {fileID: 481884}
  - {fileID: 402928}
  m_Father: {fileID: 483688}
  m_RootOrder: 0
--- !u!4 &480204
Transform:
  m_ObjectHideFlags: 1
  m_PrefabParentObject: {fileID: 0}
  m_PrefabInternal: {fileID: 100100000}
  m_GameObject: {fileID: 138324}
  m_LocalRotation: {x: 1.42108564e-14, y: 2.55717451e-14, z: 1.42108547e-14, w: 1}
  m_LocalPosition: {x: 0, y: 0, z: 0}
  m_LocalScale: {x: 1, y: 1, z: 1}
  m_Children:
  - {fileID: 483688}
  m_Father: {fileID: 487306}
  m_RootOrder: 2
--- !u!4 &481884
Transform:
  m_ObjectHideFlags: 1
  m_PrefabParentObject: {fileID: 0}
  m_PrefabInternal: {fileID: 100100000}
  m_GameObject: {fileID: 114500}
  m_LocalRotation: {x: 7.1054299e-15, y: 2.55717451e-14, z: 7.10542736e-15, w: 1}
  m_LocalPosition: {x: 0, y: 0, z: 0}
  m_LocalScale: {x: 1, y: 1, z: 1}
  m_Children:
  - {fileID: 460440}
  m_Father: {fileID: 476286}
  m_RootOrder: 1
--- !u!4 &482814
Transform:
  m_ObjectHideFlags: 1
  m_PrefabParentObject: {fileID: 0}
  m_PrefabInternal: {fileID: 100100000}
  m_GameObject: {fileID: 113264}
  m_LocalRotation: {x: 4.43454496e-07, y: -.00436167512, z: .00517654885, w: .999977112}
  m_LocalPosition: {x: -.0648158267, y: -2.92062765e-07, z: 1.14440915e-07}
  m_LocalScale: {x: .999999821, y: .99999994, z: .99999994}
  m_Children:
  - {fileID: 430142}
  m_Father: {fileID: 420648}
  m_RootOrder: 0
--- !u!4 &483320
Transform:
  m_ObjectHideFlags: 1
  m_PrefabParentObject: {fileID: 0}
  m_PrefabInternal: {fileID: 100100000}
  m_GameObject: {fileID: 195720}
  m_LocalRotation: {x: .50000006, y: -.50000006, z: -.49999997, w: .49999997}
  m_LocalPosition: {x: -.132343635, y: -1.93518162e-14, z: -1.77761095e-07}
  m_LocalScale: {x: 1, y: 1, z: 1}
  m_Children: []
  m_Father: {fileID: 429602}
  m_RootOrder: 5
--- !u!4 &483688
Transform:
  m_ObjectHideFlags: 1
  m_PrefabParentObject: {fileID: 0}
  m_PrefabInternal: {fileID: 100100000}
  m_GameObject: {fileID: 188134}
  m_LocalRotation: {x: -7.10542736e-15, y: 1.2300172e-14, z: -7.10542736e-15, w: 1}
  m_LocalPosition: {x: -.0650015622, y: 0, z: 1.59906151e-15}
  m_LocalScale: {x: 1, y: 1, z: 1}
  m_Children:
  - {fileID: 476286}
  m_Father: {fileID: 480204}
  m_RootOrder: 0
--- !u!4 &484052
Transform:
  m_ObjectHideFlags: 1
  m_PrefabParentObject: {fileID: 0}
  m_PrefabInternal: {fileID: 100100000}
  m_GameObject: {fileID: 155806}
  m_LocalRotation: {x: -5.03243856e-14, y: -1.36937388e-07, z: -.703295946, w: .710897267}
  m_LocalPosition: {x: .150078848, y: .105576344, z: -2.05564827e-08}
  m_LocalScale: {x: 1, y: 1, z: 1}
  m_Children: []
  m_Father: {fileID: 460440}
  m_RootOrder: 0
--- !u!4 &487306
Transform:
  m_ObjectHideFlags: 1
  m_PrefabParentObject: {fileID: 0}
  m_PrefabInternal: {fileID: 100100000}
  m_GameObject: {fileID: 191946}
  m_LocalRotation: {x: .50000006, y: -.50000006, z: -.49999997, w: .49999997}
  m_LocalPosition: {x: 4.80457281e-14, y: .216448858, z: -1.84655121e-07}
  m_LocalScale: {x: 1, y: 1, z: 1}
  m_Children:
  - {fileID: 499584}
  - {fileID: 440372}
  - {fileID: 480204}
  m_Father: {fileID: 429602}
  m_RootOrder: 7
--- !u!4 &487534
Transform:
  m_ObjectHideFlags: 1
  m_PrefabParentObject: {fileID: 0}
  m_PrefabInternal: {fileID: 100100000}
  m_GameObject: {fileID: 159976}
  m_LocalRotation: {x: -.00366166723, y: -.00843813736, z: -.0151501205, w: .999842942}
  m_LocalPosition: {x: -.107778773, y: 0, z: 3.81469718e-08}
  m_LocalScale: {x: .999999821, y: 1.00000012, z: .999999881}
  m_Children:
  - {fileID: 471502}
  m_Father: {fileID: 449516}
  m_RootOrder: 0
--- !u!4 &488598
Transform:
  m_ObjectHideFlags: 1
  m_PrefabParentObject: {fileID: 0}
  m_PrefabInternal: {fileID: 100100000}
  m_GameObject: {fileID: 186146}
  m_LocalRotation: {x: -.0170494411, y: .001270329, z: .0535487905, w: .998418868}
  m_LocalPosition: {x: -.132213801, y: -1.66893006e-08, z: -1.7166137e-07}
  m_LocalScale: {x: 1.00000012, y: .99999994, z: 1}
  m_Children:
  - {fileID: 430892}
  m_Father: {fileID: 499584}
  m_RootOrder: 0
--- !u!4 &488796
Transform:
  m_ObjectHideFlags: 1
  m_PrefabParentObject: {fileID: 0}
  m_PrefabInternal: {fileID: 100100000}
  m_GameObject: {fileID: 125278}
  m_LocalRotation: {x: .702060521, y: -.00667008897, z: .00395313604, w: .712075055}
  m_LocalPosition: {x: -.318392605, y: .405079514, z: -.00249177869}
  m_LocalScale: {x: .99999994, y: 1, z: .99999994}
  m_Children: []
  m_Father: {fileID: 429602}
  m_RootOrder: 3
--- !u!4 &490442
Transform:
  m_ObjectHideFlags: 1
  m_PrefabParentObject: {fileID: 0}
  m_PrefabInternal: {fileID: 100100000}
  m_GameObject: {fileID: 151918}
  m_LocalRotation: {x: .0404656418, y: .0803324804, z: -.39018932, w: .916330516}
  m_LocalPosition: {x: -.184587911, y: 1.90734859e-08, z: -3.81469718e-08}
  m_LocalScale: {x: 1, y: .99999994, z: 1}
  m_Children:
  - {fileID: 423394}
  m_Father: {fileID: 417702}
  m_RootOrder: 0
--- !u!4 &496908
Transform:
  m_ObjectHideFlags: 1
  m_PrefabParentObject: {fileID: 0}
  m_PrefabInternal: {fileID: 100100000}
  m_GameObject: {fileID: 160102}
  m_LocalRotation: {x: -.017866401, y: -.00577288633, z: -.275442988, w: .961134076}
  m_LocalPosition: {x: -.0603974313, y: 0, z: 9.53674295e-09}
  m_LocalScale: {x: .999999762, y: 1.0000006, z: 1}
  m_Children: []
  m_Father: {fileID: 439174}
  m_RootOrder: 0
--- !u!4 &499584
Transform:
  m_ObjectHideFlags: 1
  m_PrefabParentObject: {fileID: 0}
  m_PrefabInternal: {fileID: 100100000}
  m_GameObject: {fileID: 194542}
  m_LocalRotation: {x: -.0242292304, y: .999703944, z: .00163256668, w: -.00154623506}
  m_LocalPosition: {x: .00928817689, y: 6.55675905e-08, z: .133198708}
  m_LocalScale: {x: 1, y: 1, z: 1}
  m_Children:
  - {fileID: 488598}
  m_Father: {fileID: 487306}
  m_RootOrder: 0
--- !u!95 &9512654
Animator:
  serializedVersion: 3
  m_ObjectHideFlags: 1
  m_PrefabParentObject: {fileID: 0}
  m_PrefabInternal: {fileID: 100100000}
  m_GameObject: {fileID: 163026}
  m_Enabled: 1
  m_Avatar: {fileID: 9000000, guid: 39d055b0dc2bf6c4086af5960183bf01, type: 3}
  m_Controller: {fileID: 9100000, guid: 129119fdc111bbb4aad3c1b894df0a58, type: 2}
  m_CullingMode: 1
  m_UpdateMode: 0
  m_ApplyRootMotion: 0
  m_LinearVelocityBlending: 0
  m_WarningMessage: 
  m_HasTransformHierarchy: 1
  m_AllowConstantClipSamplingOptimization: 1
--- !u!137 &13793300
SkinnedMeshRenderer:
  m_ObjectHideFlags: 1
  m_PrefabParentObject: {fileID: 0}
  m_PrefabInternal: {fileID: 100100000}
  m_GameObject: {fileID: 114592}
  m_Enabled: 1
  m_CastShadows: 1
  m_ReceiveShadows: 1
  m_Materials:
  - {fileID: 2100000, guid: 3a10b4cb143820846883ba41e084d991, type: 2}
  m_SubsetIndices: 
  m_StaticBatchRoot: {fileID: 0}
  m_UseLightProbes: 1
  m_ReflectionProbeUsage: 1
  m_ProbeAnchor: {fileID: 0}
  m_ScaleInLightmap: 1
  m_PreserveUVs: 0
  m_ImportantGI: 0
  m_AutoUVMaxDistance: .5
  m_AutoUVMaxAngle: 89
  m_LightmapParameters: {fileID: 0}
  m_SortingLayerID: 0
  m_SortingOrder: 0
  serializedVersion: 2
  m_Quality: 0
  m_UpdateWhenOffscreen: 0
  m_Mesh: {fileID: 4300002, guid: 39d055b0dc2bf6c4086af5960183bf01, type: 3}
  m_Bones:
  - {fileID: 487306}
  - {fileID: 440372}
  - {fileID: 439174}
  - {fileID: 460440}
  - {fileID: 484052}
  - {fileID: 476286}
  - {fileID: 444348}
  - {fileID: 481884}
  - {fileID: 402928}
  - {fileID: 499584}
  - {fileID: 488598}
  - {fileID: 490442}
  - {fileID: 417702}
  - {fileID: 483688}
  - {fileID: 496908}
  - {fileID: 430892}
  - {fileID: 449516}
  - {fileID: 487534}
  - {fileID: 468854}
  - {fileID: 471502}
  - {fileID: 430142}
  - {fileID: 482814}
  - {fileID: 423394}
  - {fileID: 420648}
  m_BlendShapeWeights: []
  m_RootBone: {fileID: 487306}
  m_AABB:
    m_Center: {x: -.434977919, y: -.00936204195, z: -4.47034836e-07}
    m_Extent: {x: .710873246, y: .532146633, z: .635028243}
  m_DirtyAABB: 0
--- !u!1001 &100100000
Prefab:
  m_ObjectHideFlags: 1
  serializedVersion: 2
  m_Modification:
    m_TransformParent: {fileID: 0}
    m_Modifications: []
    m_RemovedComponents: []
  m_ParentPrefab: {fileID: 0}
  m_RootGameObject: {fileID: 163026}
  m_IsPrefabParent: 1
