%YAML 1.1
%TAG !u! tag:unity3d.com,2011:
--- !u!1 &105560
GameObject:
  m_ObjectHideFlags: 1
  m_PrefabParentObject: {fileID: 0}
  m_PrefabInternal: {fileID: 100100000}
  serializedVersion: 4
  m_Component:
  - 4: {fileID: 440830}
  m_Layer: 0
  m_Name: RigSpine1
  m_TagString: Untagged
  m_Icon: {fileID: 0}
  m_NavMeshLayer: 0
  m_StaticEditorFlags: 0
  m_IsActive: 1
--- !u!1 &105678
GameObject:
  m_ObjectHideFlags: 1
  m_PrefabParentObject: {fileID: 0}
  m_PrefabInternal: {fileID: 100100000}
  serializedVersion: 4
  m_Component:
  - 4: {fileID: 407928}
  m_Layer: 0
  m_Name: Dummy-RHandWeapon
  m_TagString: Untagged
  m_Icon: {fileID: 0}
  m_NavMeshLayer: 0
  m_StaticEditorFlags: 0
  m_IsActive: 1
--- !u!1 &105972
GameObject:
  m_ObjectHideFlags: 1
  m_PrefabParentObject: {fileID: 0}
  m_PrefabInternal: {fileID: 100100000}
  serializedVersion: 4
  m_Component:
  - 4: {fileID: 488274}
  m_Layer: 0
  m_Name: RigRLegFoot1
  m_TagString: Untagged
  m_Icon: {fileID: 0}
  m_NavMeshLayer: 0
  m_StaticEditorFlags: 0
  m_IsActive: 1
--- !u!1 &108178
GameObject:
  m_ObjectHideFlags: 1
  m_PrefabParentObject: {fileID: 0}
  m_PrefabInternal: {fileID: 100100000}
  serializedVersion: 4
  m_Component:
  - 4: {fileID: 453066}
  m_Layer: 0
  m_Name: RigSpine2
  m_TagString: Untagged
  m_Icon: {fileID: 0}
  m_NavMeshLayer: 0
  m_StaticEditorFlags: 0
  m_IsActive: 1
--- !u!1 &108344
GameObject:
  m_ObjectHideFlags: 0
  m_PrefabParentObject: {fileID: 0}
  m_PrefabInternal: {fileID: 100100000}
  serializedVersion: 4
  m_Component:
  - 4: {fileID: 423708}
  m_Layer: 0
  m_Name: RigHeadGizmo
  m_TagString: Untagged
  m_Icon: {fileID: 0}
  m_NavMeshLayer: 0
  m_StaticEditorFlags: 0
  m_IsActive: 1
--- !u!1 &109272
GameObject:
  m_ObjectHideFlags: 1
  m_PrefabParentObject: {fileID: 0}
  m_PrefabInternal: {fileID: 100100000}
  serializedVersion: 4
  m_Component:
  - 4: {fileID: 451700}
  m_Layer: 0
  m_Name: RigLLegFoot1
  m_TagString: Untagged
  m_Icon: {fileID: 0}
  m_NavMeshLayer: 0
  m_StaticEditorFlags: 0
  m_IsActive: 1
--- !u!1 &111226
GameObject:
  m_ObjectHideFlags: 0
  m_PrefabParentObject: {fileID: 0}
  m_PrefabInternal: {fileID: 100100000}
  serializedVersion: 4
  m_Component:
  - 4: {fileID: 434146}
  m_Layer: 0
  m_Name: RigLLegPlatform
  m_TagString: Untagged
  m_Icon: {fileID: 0}
  m_NavMeshLayer: 0
  m_StaticEditorFlags: 0
  m_IsActive: 1
--- !u!1 &113328
GameObject:
  m_ObjectHideFlags: 0
  m_PrefabParentObject: {fileID: 0}
  m_PrefabInternal: {fileID: 100100000}
  serializedVersion: 4
  m_Component:
  - 4: {fileID: 478862}
  m_Layer: 0
  m_Name: RigPelvisGizmo
  m_TagString: Untagged
  m_Icon: {fileID: 0}
  m_NavMeshLayer: 0
  m_StaticEditorFlags: 0
  m_IsActive: 1
--- !u!1 &118958
GameObject:
  m_ObjectHideFlags: 1
  m_PrefabParentObject: {fileID: 0}
  m_PrefabInternal: {fileID: 100100000}
  serializedVersion: 4
  m_Component:
  - 4: {fileID: 460542}
  m_Layer: 0
  m_Name: RigRLeg2
  m_TagString: Untagged
  m_Icon: {fileID: 0}
  m_NavMeshLayer: 0
  m_StaticEditorFlags: 0
  m_IsActive: 1
--- !u!1 &123070
GameObject:
  m_ObjectHideFlags: 1
  m_PrefabParentObject: {fileID: 0}
  m_PrefabInternal: {fileID: 100100000}
  serializedVersion: 4
  m_Component:
  - 4: {fileID: 490308}
  m_Layer: 0
  m_Name: RigLArmPalm
  m_TagString: Untagged
  m_Icon: {fileID: 0}
  m_NavMeshLayer: 0
  m_StaticEditorFlags: 0
  m_IsActive: 1
--- !u!1 &123076
GameObject:
  m_ObjectHideFlags: 0
  m_PrefabParentObject: {fileID: 0}
  m_PrefabInternal: {fileID: 100100000}
  serializedVersion: 4
  m_Component:
  - 4: {fileID: 439434}
  m_Layer: 0
  m_Name: RigRArm2Gizmo
  m_TagString: Untagged
  m_Icon: {fileID: 0}
  m_NavMeshLayer: 0
  m_StaticEditorFlags: 0
  m_IsActive: 1
--- !u!1 &123458
GameObject:
  m_ObjectHideFlags: 0
  m_PrefabParentObject: {fileID: 0}
  m_PrefabInternal: {fileID: 100100000}
  serializedVersion: 4
  m_Component:
  - 4: {fileID: 405050}
  - 137: {fileID: 13712974}
  m_Layer: 0
  m_Name: Toon Barbarian
  m_TagString: Untagged
  m_Icon: {fileID: 0}
  m_NavMeshLayer: 0
  m_StaticEditorFlags: 0
  m_IsActive: 1
--- !u!1 &124910
GameObject:
  m_ObjectHideFlags: 0
  m_PrefabParentObject: {fileID: 0}
  m_PrefabInternal: {fileID: 100100000}
  serializedVersion: 4
  m_Component:
  - 4: {fileID: 464688}
  - 111: {fileID: 11123624}
  m_Layer: 0
  m_Name: Toon Barbarian-Brown
  m_TagString: Untagged
  m_Icon: {fileID: 0}
  m_NavMeshLayer: 0
  m_StaticEditorFlags: 0
  m_IsActive: 1
--- !u!1 &130662
GameObject:
  m_ObjectHideFlags: 1
  m_PrefabParentObject: {fileID: 0}
  m_PrefabInternal: {fileID: 100100000}
  serializedVersion: 4
  m_Component:
  - 4: {fileID: 422030}
  m_Layer: 0
  m_Name: RigNeck
  m_TagString: Untagged
  m_Icon: {fileID: 0}
  m_NavMeshLayer: 0
  m_StaticEditorFlags: 0
  m_IsActive: 1
--- !u!1 &130932
GameObject:
  m_ObjectHideFlags: 0
  m_PrefabParentObject: {fileID: 0}
  m_PrefabInternal: {fileID: 100100000}
  serializedVersion: 4
  m_Component:
  - 4: {fileID: 427234}
  m_Layer: 0
  m_Name: RigRLegPlatform
  m_TagString: Untagged
  m_Icon: {fileID: 0}
  m_NavMeshLayer: 0
  m_StaticEditorFlags: 0
  m_IsActive: 1
--- !u!1 &133422
GameObject:
  m_ObjectHideFlags: 0
  m_PrefabParentObject: {fileID: 0}
  m_PrefabInternal: {fileID: 100100000}
  serializedVersion: 4
  m_Component:
  - 4: {fileID: 415306}
  m_Layer: 0
  m_Name: RigRArmPalmGizmo
  m_TagString: Untagged
  m_Icon: {fileID: 0}
  m_NavMeshLayer: 0
  m_StaticEditorFlags: 0
  m_IsActive: 1
--- !u!1 &137492
GameObject:
  m_ObjectHideFlags: 1
  m_PrefabParentObject: {fileID: 0}
  m_PrefabInternal: {fileID: 100100000}
  serializedVersion: 4
  m_Component:
  - 4: {fileID: 478616}
  m_Layer: 0
  m_Name: RigCape2
  m_TagString: Untagged
  m_Icon: {fileID: 0}
  m_NavMeshLayer: 0
  m_StaticEditorFlags: 0
  m_IsActive: 1
--- !u!1 &138754
GameObject:
  m_ObjectHideFlags: 1
  m_PrefabParentObject: {fileID: 0}
  m_PrefabInternal: {fileID: 100100000}
  serializedVersion: 4
  m_Component:
  - 4: {fileID: 406564}
  - 33: {fileID: 3336538}
  - 23: {fileID: 2352314}
  m_Layer: 0
  m_Name: Claw Right
  m_TagString: Untagged
  m_Icon: {fileID: 0}
  m_NavMeshLayer: 0
  m_StaticEditorFlags: 0
  m_IsActive: 1
--- !u!1 &142000
GameObject:
  m_ObjectHideFlags: 1
  m_PrefabParentObject: {fileID: 0}
  m_PrefabInternal: {fileID: 100100000}
  serializedVersion: 4
  m_Component:
  - 4: {fileID: 481918}
  m_Layer: 0
  m_Name: Dummy-LHandWeapon
  m_TagString: Untagged
  m_Icon: {fileID: 0}
  m_NavMeshLayer: 0
  m_StaticEditorFlags: 0
  m_IsActive: 1
--- !u!1 &148372
GameObject:
  m_ObjectHideFlags: 1
  m_PrefabParentObject: {fileID: 0}
  m_PrefabInternal: {fileID: 100100000}
  serializedVersion: 4
  m_Component:
  - 4: {fileID: 494278}
  m_Layer: 0
  m_Name: RigHead
  m_TagString: Untagged
  m_Icon: {fileID: 0}
  m_NavMeshLayer: 0
  m_StaticEditorFlags: 0
  m_IsActive: 1
--- !u!1 &148766
GameObject:
  m_ObjectHideFlags: 1
  m_PrefabParentObject: {fileID: 0}
  m_PrefabInternal: {fileID: 100100000}
  serializedVersion: 4
  m_Component:
  - 4: {fileID: 462334}
  m_Layer: 0
  m_Name: RigRLegAnkle
  m_TagString: Untagged
  m_Icon: {fileID: 0}
  m_NavMeshLayer: 0
  m_StaticEditorFlags: 0
  m_IsActive: 1
--- !u!1 &151112
GameObject:
  m_ObjectHideFlags: 1
  m_PrefabParentObject: {fileID: 0}
  m_PrefabInternal: {fileID: 100100000}
  serializedVersion: 4
  m_Component:
  - 4: {fileID: 480636}
  m_Layer: 0
  m_Name: RigCape3
  m_TagString: Untagged
  m_Icon: {fileID: 0}
  m_NavMeshLayer: 0
  m_StaticEditorFlags: 0
  m_IsActive: 1
--- !u!1 &151652
GameObject:
  m_ObjectHideFlags: 1
  m_PrefabParentObject: {fileID: 0}
  m_PrefabInternal: {fileID: 100100000}
  serializedVersion: 4
  m_Component:
  - 4: {fileID: 440578}
  m_Layer: 0
  m_Name: RigRArm2
  m_TagString: Untagged
  m_Icon: {fileID: 0}
  m_NavMeshLayer: 0
  m_StaticEditorFlags: 0
  m_IsActive: 1
--- !u!1 &160332
GameObject:
  m_ObjectHideFlags: 1
  m_PrefabParentObject: {fileID: 0}
  m_PrefabInternal: {fileID: 100100000}
  serializedVersion: 4
  m_Component:
  - 4: {fileID: 430150}
  m_Layer: 0
  m_Name: RigRibcage
  m_TagString: Untagged
  m_Icon: {fileID: 0}
  m_NavMeshLayer: 0
  m_StaticEditorFlags: 0
  m_IsActive: 1
--- !u!1 &160550
GameObject:
  m_ObjectHideFlags: 0
  m_PrefabParentObject: {fileID: 0}
  m_PrefabInternal: {fileID: 100100000}
  serializedVersion: 4
  m_Component:
  - 4: {fileID: 441016}
  m_Layer: 0
  m_Name: RigCape1Gizmo
  m_TagString: Untagged
  m_Icon: {fileID: 0}
  m_NavMeshLayer: 0
  m_StaticEditorFlags: 0
  m_IsActive: 1
--- !u!1 &160676
GameObject:
  m_ObjectHideFlags: 0
  m_PrefabParentObject: {fileID: 0}
  m_PrefabInternal: {fileID: 100100000}
  serializedVersion: 4
  m_Component:
  - 4: {fileID: 452704}
  m_Layer: 0
  m_Name: RigPelvis
  m_TagString: Untagged
  m_Icon: {fileID: 0}
  m_NavMeshLayer: 0
  m_StaticEditorFlags: 0
  m_IsActive: 1
--- !u!1 &162484
GameObject:
  m_ObjectHideFlags: 0
  m_PrefabParentObject: {fileID: 0}
  m_PrefabInternal: {fileID: 100100000}
  serializedVersion: 4
  m_Component:
  - 4: {fileID: 499646}
  m_Layer: 0
  m_Name: Rig
  m_TagString: Untagged
  m_Icon: {fileID: 0}
  m_NavMeshLayer: 0
  m_StaticEditorFlags: 0
  m_IsActive: 1
--- !u!1 &162558
GameObject:
  m_ObjectHideFlags: 0
  m_PrefabParentObject: {fileID: 0}
  m_PrefabInternal: {fileID: 100100000}
  serializedVersion: 4
  m_Component:
  - 4: {fileID: 477020}
  m_Layer: 0
  m_Name: RigLArm2Gizmo
  m_TagString: Untagged
  m_Icon: {fileID: 0}
  m_NavMeshLayer: 0
  m_StaticEditorFlags: 0
  m_IsActive: 1
--- !u!1 &162896
GameObject:
  m_ObjectHideFlags: 1
  m_PrefabParentObject: {fileID: 0}
  m_PrefabInternal: {fileID: 100100000}
  serializedVersion: 4
  m_Component:
  - 4: {fileID: 414232}
  m_Layer: 0
  m_Name: RigLLeg1
  m_TagString: Untagged
  m_Icon: {fileID: 0}
  m_NavMeshLayer: 0
  m_StaticEditorFlags: 0
  m_IsActive: 1
--- !u!1 &164242
GameObject:
  m_ObjectHideFlags: 1
  m_PrefabParentObject: {fileID: 0}
  m_PrefabInternal: {fileID: 100100000}
  serializedVersion: 4
  m_Component:
  - 4: {fileID: 432118}
  - 33: {fileID: 3387398}
  - 23: {fileID: 2390248}
  m_Layer: 0
  m_Name: Claw Left
  m_TagString: Untagged
  m_Icon: {fileID: 0}
  m_NavMeshLayer: 0
  m_StaticEditorFlags: 0
  m_IsActive: 1
--- !u!1 &168876
GameObject:
  m_ObjectHideFlags: 0
  m_PrefabParentObject: {fileID: 0}
  m_PrefabInternal: {fileID: 100100000}
  serializedVersion: 4
  m_Component:
  - 4: {fileID: 435138}
  m_Layer: 0
  m_Name: RigLArm1Gizmo
  m_TagString: Untagged
  m_Icon: {fileID: 0}
  m_NavMeshLayer: 0
  m_StaticEditorFlags: 0
  m_IsActive: 1
--- !u!1 &169504
GameObject:
  m_ObjectHideFlags: 0
  m_PrefabParentObject: {fileID: 0}
  m_PrefabInternal: {fileID: 100100000}
  serializedVersion: 4
  m_Component:
  - 4: {fileID: 439586}
  m_Layer: 0
  m_Name: RigCape2Gizmo
  m_TagString: Untagged
  m_Icon: {fileID: 0}
  m_NavMeshLayer: 0
  m_StaticEditorFlags: 0
  m_IsActive: 1
--- !u!1 &169834
GameObject:
  m_ObjectHideFlags: 1
  m_PrefabParentObject: {fileID: 0}
  m_PrefabInternal: {fileID: 100100000}
  serializedVersion: 4
  m_Component:
  - 4: {fileID: 487304}
  m_Layer: 0
  m_Name: RigLArm1
  m_TagString: Untagged
  m_Icon: {fileID: 0}
  m_NavMeshLayer: 0
  m_StaticEditorFlags: 0
  m_IsActive: 1
--- !u!1 &170900
GameObject:
  m_ObjectHideFlags: 1
  m_PrefabParentObject: {fileID: 0}
  m_PrefabInternal: {fileID: 100100000}
  serializedVersion: 4
  m_Component:
  - 4: {fileID: 408286}
  m_Layer: 0
  m_Name: RigRArmPalm
  m_TagString: Untagged
  m_Icon: {fileID: 0}
  m_NavMeshLayer: 0
  m_StaticEditorFlags: 0
  m_IsActive: 1
--- !u!1 &172162
GameObject:
  m_ObjectHideFlags: 0
  m_PrefabParentObject: {fileID: 0}
  m_PrefabInternal: {fileID: 100100000}
  serializedVersion: 4
  m_Component:
  - 4: {fileID: 443722}
  m_Layer: 0
  m_Name: RigRArm1Gizmo
  m_TagString: Untagged
  m_Icon: {fileID: 0}
  m_NavMeshLayer: 0
  m_StaticEditorFlags: 0
  m_IsActive: 1
--- !u!1 &172958
GameObject:
  m_ObjectHideFlags: 0
  m_PrefabParentObject: {fileID: 0}
  m_PrefabInternal: {fileID: 100100000}
  serializedVersion: 4
  m_Component:
  - 4: {fileID: 483508}
  m_Layer: 0
  m_Name: RigLArmPalmGizmo
  m_TagString: Untagged
  m_Icon: {fileID: 0}
  m_NavMeshLayer: 0
  m_StaticEditorFlags: 0
  m_IsActive: 1
--- !u!1 &175178
GameObject:
  m_ObjectHideFlags: 1
  m_PrefabParentObject: {fileID: 0}
  m_PrefabInternal: {fileID: 100100000}
  serializedVersion: 4
  m_Component:
  - 4: {fileID: 411460}
  m_Layer: 0
  m_Name: RigLArm2
  m_TagString: Untagged
  m_Icon: {fileID: 0}
  m_NavMeshLayer: 0
  m_StaticEditorFlags: 0
  m_IsActive: 1
--- !u!1 &177242
GameObject:
  m_ObjectHideFlags: 1
  m_PrefabParentObject: {fileID: 0}
  m_PrefabInternal: {fileID: 100100000}
  serializedVersion: 4
  m_Component:
  - 4: {fileID: 469522}
  m_Layer: 0
  m_Name: RigLLegAnkle
  m_TagString: Untagged
  m_Icon: {fileID: 0}
  m_NavMeshLayer: 0
  m_StaticEditorFlags: 0
  m_IsActive: 1
--- !u!1 &178024
GameObject:
  m_ObjectHideFlags: 0
  m_PrefabParentObject: {fileID: 0}
  m_PrefabInternal: {fileID: 100100000}
  serializedVersion: 4
  m_Component:
  - 4: {fileID: 487622}
  m_Layer: 0
  m_Name: RigCape3Gizmo
  m_TagString: Untagged
  m_Icon: {fileID: 0}
  m_NavMeshLayer: 0
  m_StaticEditorFlags: 0
  m_IsActive: 1
--- !u!1 &183792
GameObject:
  m_ObjectHideFlags: 1
  m_PrefabParentObject: {fileID: 0}
  m_PrefabInternal: {fileID: 100100000}
  serializedVersion: 4
  m_Component:
  - 4: {fileID: 446768}
  m_Layer: 0
  m_Name: RigLLeg2
  m_TagString: Untagged
  m_Icon: {fileID: 0}
  m_NavMeshLayer: 0
  m_StaticEditorFlags: 0
  m_IsActive: 1
--- !u!1 &188170
GameObject:
  m_ObjectHideFlags: 1
  m_PrefabParentObject: {fileID: 0}
  m_PrefabInternal: {fileID: 100100000}
  serializedVersion: 4
  m_Component:
  - 4: {fileID: 415502}
  m_Layer: 0
  m_Name: RigRArm1
  m_TagString: Untagged
  m_Icon: {fileID: 0}
  m_NavMeshLayer: 0
  m_StaticEditorFlags: 0
  m_IsActive: 1
--- !u!1 &192432
GameObject:
  m_ObjectHideFlags: 1
  m_PrefabParentObject: {fileID: 0}
  m_PrefabInternal: {fileID: 100100000}
  serializedVersion: 4
  m_Component:
  - 4: {fileID: 437034}
  m_Layer: 0
  m_Name: RigCape1
  m_TagString: Untagged
  m_Icon: {fileID: 0}
  m_NavMeshLayer: 0
  m_StaticEditorFlags: 0
  m_IsActive: 1
--- !u!1 &193272
GameObject:
  m_ObjectHideFlags: 0
  m_PrefabParentObject: {fileID: 0}
  m_PrefabInternal: {fileID: 100100000}
  serializedVersion: 4
  m_Component:
  - 4: {fileID: 457012}
  m_Layer: 0
  m_Name: RigRibcageGizmo
  m_TagString: Untagged
  m_Icon: {fileID: 0}
  m_NavMeshLayer: 0
  m_StaticEditorFlags: 0
  m_IsActive: 1
--- !u!1 &199640
GameObject:
  m_ObjectHideFlags: 1
  m_PrefabParentObject: {fileID: 0}
  m_PrefabInternal: {fileID: 100100000}
  serializedVersion: 4
  m_Component:
  - 4: {fileID: 455312}
  m_Layer: 0
  m_Name: RigRLeg1
  m_TagString: Untagged
  m_Icon: {fileID: 0}
  m_NavMeshLayer: 0
  m_StaticEditorFlags: 0
  m_IsActive: 1
--- !u!4 &405050
Transform:
  m_ObjectHideFlags: 1
  m_PrefabParentObject: {fileID: 0}
  m_PrefabInternal: {fileID: 100100000}
  m_GameObject: {fileID: 123458}
  m_LocalRotation: {x: -.707106829, y: 0, z: -0, w: .707106829}
  m_LocalPosition: {x: 0, y: 0, z: 0}
  m_LocalScale: {x: 1, y: 1, z: 1}
  m_Children: []
  m_Father: {fileID: 464688}
  m_RootOrder: 16
--- !u!4 &406564
Transform:
  m_ObjectHideFlags: 1
  m_PrefabParentObject: {fileID: 0}
  m_PrefabInternal: {fileID: 100100000}
  m_GameObject: {fileID: 138754}
  m_LocalRotation: {x: -.707106888, y: -6.58544508e-08, z: 6.05861104e-08, w: .707106769}
  m_LocalPosition: {x: .0900692344, y: -.00163606636, z: -.00575580634}
  m_LocalScale: {x: .999999702, y: .99999994, z: .999999523}
  m_Children: []
  m_Father: {fileID: 407928}
  m_RootOrder: 0
--- !u!4 &407928
Transform:
  m_ObjectHideFlags: 1
  m_PrefabParentObject: {fileID: 0}
  m_PrefabInternal: {fileID: 100100000}
  m_GameObject: {fileID: 105678}
  m_LocalRotation: {x: .711226046, y: .702848434, z: -.00741005689, w: .010329091}
  m_LocalPosition: {x: -.0670654252, y: -.00242504105, z: -.00913808309}
  m_LocalScale: {x: 1.00000012, y: 1, z: .999999881}
  m_Children:
  - {fileID: 406564}
  m_Father: {fileID: 408286}
  m_RootOrder: 0
--- !u!4 &408286
Transform:
  m_ObjectHideFlags: 1
  m_PrefabParentObject: {fileID: 0}
  m_PrefabInternal: {fileID: 100100000}
  m_GameObject: {fileID: 170900}
  m_LocalRotation: {x: .694964886, y: -.210506901, z: .197072148, w: .658690631}
  m_LocalPosition: {x: -.114081666, y: -2.38418574e-09, z: -3.81469718e-08}
  m_LocalScale: {x: 1.00000012, y: 1.00000012, z: 1}
  m_Children:
  - {fileID: 407928}
  m_Father: {fileID: 440578}
  m_RootOrder: 0
--- !u!4 &411460
Transform:
  m_ObjectHideFlags: 1
  m_PrefabParentObject: {fileID: 0}
  m_PrefabInternal: {fileID: 100100000}
  m_GameObject: {fileID: 175178}
  m_LocalRotation: {x: .026262654, y: .0064090658, z: -.0243031047, w: .999339104}
  m_LocalPosition: {x: -.10360229, y: -1.19209287e-09, z: 0}
  m_LocalScale: {x: 1, y: 1, z: .99999994}
  m_Children:
  - {fileID: 490308}
  m_Father: {fileID: 487304}
  m_RootOrder: 0
--- !u!4 &414232
Transform:
  m_ObjectHideFlags: 1
  m_PrefabParentObject: {fileID: 0}
  m_PrefabInternal: {fileID: 100100000}
  m_GameObject: {fileID: 162896}
  m_LocalRotation: {x: -.0610836782, y: .998077154, z: .0098198764, w: .00379245286}
  m_LocalPosition: {x: -0, y: 2.08616258e-09, z: .115124226}
  m_LocalScale: {x: .99999994, y: 1, z: 1}
  m_Children:
  - {fileID: 446768}
  m_Father: {fileID: 452704}
  m_RootOrder: 0
--- !u!4 &415306
Transform:
  m_ObjectHideFlags: 1
  m_PrefabParentObject: {fileID: 0}
  m_PrefabInternal: {fileID: 100100000}
  m_GameObject: {fileID: 133422}
  m_LocalRotation: {x: .711224973, y: .7028476, z: -.00748653291, w: -.0104044806}
  m_LocalPosition: {x: .397153795, y: .267361641, z: -.00873285159}
  m_LocalScale: {x: 1, y: 1.00000012, z: 1}
  m_Children: []
  m_Father: {fileID: 464688}
  m_RootOrder: 13
--- !u!4 &415502
Transform:
  m_ObjectHideFlags: 1
  m_PrefabParentObject: {fileID: 0}
  m_PrefabInternal: {fileID: 100100000}
  m_GameObject: {fileID: 188170}
  m_LocalRotation: {x: .0353120938, y: .956505001, z: -.0162860565, w: -.289112478}
  m_LocalPosition: {x: .0124016954, y: -.000118825432, z: -.278141826}
  m_LocalScale: {x: 1.00000012, y: 1, z: 1}
  m_Children:
  - {fileID: 440578}
  m_Father: {fileID: 430150}
  m_RootOrder: 3
--- !u!4 &422030
Transform:
  m_ObjectHideFlags: 1
  m_PrefabParentObject: {fileID: 0}
  m_PrefabInternal: {fileID: 100100000}
  m_GameObject: {fileID: 130662}
  m_LocalRotation: {x: 9.39463021e-11, y: -7.36732346e-08, z: -.00184970768, w: .999998331}
  m_LocalPosition: {x: 0, y: 0, z: 0}
  m_LocalScale: {x: 1.00000012, y: 1.00000012, z: 1.00000012}
  m_Children:
  - {fileID: 494278}
  m_Father: {fileID: 430150}
  m_RootOrder: 2
--- !u!4 &423708
Transform:
  m_ObjectHideFlags: 1
  m_PrefabParentObject: {fileID: 0}
  m_PrefabInternal: {fileID: 100100000}
  m_GameObject: {fileID: 108344}
  m_LocalRotation: {x: .50000006, y: -.50000006, z: -.49999997, w: .49999997}
  m_LocalPosition: {x: 6.0436129e-08, y: .87770164, z: -.00168309116}
  m_LocalScale: {x: 1, y: 1, z: 1}
  m_Children: []
  m_Father: {fileID: 464688}
  m_RootOrder: 4
--- !u!4 &427234
Transform:
  m_ObjectHideFlags: 1
  m_PrefabParentObject: {fileID: 0}
  m_PrefabInternal: {fileID: 100100000}
  m_GameObject: {fileID: 130932}
  m_LocalRotation: {x: .50000006, y: -.50000006, z: -.49999997, w: .49999997}
  m_LocalPosition: {x: .116016574, y: -2.29746421e-14, z: .0293422937}
  m_LocalScale: {x: 1, y: 1, z: 1}
  m_Children: []
  m_Father: {fileID: 464688}
  m_RootOrder: 15
--- !u!4 &430150
Transform:
  m_ObjectHideFlags: 1
  m_PrefabParentObject: {fileID: 0}
  m_PrefabInternal: {fileID: 100100000}
  m_GameObject: {fileID: 160332}
  m_LocalRotation: {x: -6.94310859e-11, y: -4.07802125e-10, z: .00397405215, w: .999992132}
  m_LocalPosition: {x: -.135184139, y: 0, z: 7.1054272e-17}
  m_LocalScale: {x: 1, y: 1, z: 1}
  m_Children:
  - {fileID: 437034}
  - {fileID: 487304}
  - {fileID: 422030}
  - {fileID: 415502}
  m_Father: {fileID: 453066}
  m_RootOrder: 0
--- !u!4 &432118
Transform:
  m_ObjectHideFlags: 1
  m_PrefabParentObject: {fileID: 0}
  m_PrefabInternal: {fileID: 100100000}
  m_GameObject: {fileID: 164242}
  m_LocalRotation: {x: -.707106888, y: 8.42936956e-08, z: -2.10734243e-07, w: .707106769}
  m_LocalPosition: {x: -.0886103436, y: -.0169721972, z: -.00519805914}
  m_LocalScale: {x: 1.00000024, y: 1, z: 1.00000012}
  m_Children: []
  m_Father: {fileID: 481918}
  m_RootOrder: 0
--- !u!4 &434146
Transform:
  m_ObjectHideFlags: 1
  m_PrefabParentObject: {fileID: 0}
  m_PrefabInternal: {fileID: 100100000}
  m_GameObject: {fileID: 111226}
  m_LocalRotation: {x: .50000006, y: -.50000006, z: -.49999997, w: .49999997}
  m_LocalPosition: {x: -.116016574, y: -1.68157504e-14, z: .0293422602}
  m_LocalScale: {x: 1, y: 1, z: 1}
  m_Children: []
  m_Father: {fileID: 464688}
  m_RootOrder: 8
--- !u!4 &435138
Transform:
  m_ObjectHideFlags: 1
  m_PrefabParentObject: {fileID: 0}
  m_PrefabInternal: {fileID: 100100000}
  m_GameObject: {fileID: 168876}
  m_LocalRotation: {x: .629375994, y: .309615999, z: .358015954, w: .616318405}
  m_LocalPosition: {x: -.278141826, y: .449302405, z: .000764325028}
  m_LocalScale: {x: 1, y: 1, z: .99999994}
  m_Children: []
  m_Father: {fileID: 464688}
  m_RootOrder: 5
--- !u!4 &437034
Transform:
  m_ObjectHideFlags: 1
  m_PrefabParentObject: {fileID: 0}
  m_PrefabInternal: {fileID: 100100000}
  m_GameObject: {fileID: 192432}
  m_LocalRotation: {x: 4.83922018e-14, y: 1.80210449e-07, z: .925546169, w: .378634781}
  m_LocalPosition: {x: -.0646925345, y: -.229275167, z: 4.46415278e-08}
  m_LocalScale: {x: 1, y: 1, z: 1}
  m_Children:
  - {fileID: 478616}
  m_Father: {fileID: 430150}
  m_RootOrder: 0
--- !u!4 &439434
Transform:
  m_ObjectHideFlags: 1
  m_PrefabParentObject: {fileID: 0}
  m_PrefabInternal: {fileID: 100100000}
  m_GameObject: {fileID: 123076}
  m_LocalRotation: {x: .338703215, y: .606098413, z: .635327041, w: .338059783}
  m_LocalPosition: {x: .335322529, y: .363205343, z: -.00638509123}
  m_LocalScale: {x: 1.00000012, y: .99999994, z: 1}
  m_Children: []
  m_Father: {fileID: 464688}
  m_RootOrder: 12
--- !u!4 &439586
Transform:
  m_ObjectHideFlags: 1
  m_PrefabParentObject: {fileID: 0}
  m_PrefabInternal: {fileID: 100100000}
  m_GameObject: {fileID: 169504}
  m_LocalRotation: {x: -.276576847, y: -.65077275, z: .276576996, w: .65077281}
  m_LocalPosition: {x: -1.45760142e-08, y: .427519828, z: -.322314978}
  m_LocalScale: {x: 1, y: 1, z: 1}
  m_Children: []
  m_Father: {fileID: 464688}
  m_RootOrder: 2
--- !u!4 &440578
Transform:
  m_ObjectHideFlags: 1
  m_PrefabParentObject: {fileID: 0}
  m_PrefabInternal: {fileID: 100100000}
  m_GameObject: {fileID: 151652}
  m_LocalRotation: {x: -.0262626559, y: -.00640908023, z: -.0243031029, w: .999339104}
  m_LocalPosition: {x: -.103602327, y: -1.19209287e-09, z: 3.81469718e-08}
  m_LocalScale: {x: 1.00000012, y: 1, z: 1}
  m_Children:
  - {fileID: 408286}
  m_Father: {fileID: 415502}
  m_RootOrder: 0
--- !u!4 &440830
Transform:
  m_ObjectHideFlags: 1
  m_PrefabParentObject: {fileID: 0}
  m_PrefabInternal: {fileID: 100100000}
  m_GameObject: {fileID: 105560}
  m_LocalRotation: {x: -1.64638366e-12, y: 2.32951131e-10, z: -.00267096632, w: .999996424}
  m_LocalPosition: {x: 0, y: 0, z: 0}
  m_LocalScale: {x: 1, y: 1, z: 1}
  m_Children:
  - {fileID: 453066}
  m_Father: {fileID: 452704}
  m_RootOrder: 2
--- !u!4 &441016
Transform:
  m_ObjectHideFlags: 1
  m_PrefabParentObject: {fileID: 0}
  m_PrefabInternal: {fileID: 100100000}
  m_GameObject: {fileID: 160550}
  m_LocalRotation: {x: -.276576847, y: -.65077275, z: .276576996, w: .65077281}
  m_LocalPosition: {x: -1.05023501e-08, y: .524197102, z: -.229120195}
  m_LocalScale: {x: 1, y: 1, z: 1}
  m_Children: []
  m_Father: {fileID: 464688}
  m_RootOrder: 1
--- !u!4 &443722
Transform:
  m_ObjectHideFlags: 1
  m_PrefabParentObject: {fileID: 0}
  m_PrefabInternal: {fileID: 100100000}
  m_GameObject: {fileID: 172162}
  m_LocalRotation: {x: .358015925, y: .616318285, z: .629376054, w: .309616148}
  m_LocalPosition: {x: .278141826, y: .449302316, z: .000764409429}
  m_LocalScale: {x: 1, y: 1, z: 1}
  m_Children: []
  m_Father: {fileID: 464688}
  m_RootOrder: 11
--- !u!4 &446768
Transform:
  m_ObjectHideFlags: 1
  m_PrefabParentObject: {fileID: 0}
  m_PrefabInternal: {fileID: 100100000}
  m_GameObject: {fileID: 183792}
  m_LocalRotation: {x: .019463066, y: .00379743078, z: .156359151, w: .987501204}
  m_LocalPosition: {x: -.0940693244, y: 0, z: 0}
  m_LocalScale: {x: 1.00000024, y: 1.00000024, z: 1.00000024}
  m_Children:
  - {fileID: 469522}
  m_Father: {fileID: 414232}
  m_RootOrder: 0
--- !u!4 &451700
Transform:
  m_ObjectHideFlags: 1
  m_PrefabParentObject: {fileID: 0}
  m_PrefabInternal: {fileID: 100100000}
  m_GameObject: {fileID: 109272}
  m_LocalRotation: {x: -1.77816375e-08, y: 2.9994851e-08, z: -.510035038, w: .860153615}
  m_LocalPosition: {x: -.0647965819, y: 2.38418574e-09, z: 9.53674295e-09}
  m_LocalScale: {x: 1, y: 1, z: 1}
  m_Children: []
  m_Father: {fileID: 469522}
  m_RootOrder: 0
--- !u!4 &452704
Transform:
  m_ObjectHideFlags: 1
  m_PrefabParentObject: {fileID: 0}
  m_PrefabInternal: {fileID: 100100000}
  m_GameObject: {fileID: 160676}
  m_LocalRotation: {x: .500876069, y: -.499122441, z: -.500876009, w: .499122381}
  m_LocalPosition: {x: 4.36042566e-14, y: .215160251, z: -1.66766796e-07}
  m_LocalScale: {x: 1, y: 1, z: 1}
  m_Children:
  - {fileID: 414232}
  - {fileID: 455312}
  - {fileID: 440830}
  m_Father: {fileID: 464688}
  m_RootOrder: 9
--- !u!4 &453066
Transform:
  m_ObjectHideFlags: 1
  m_PrefabParentObject: {fileID: 0}
  m_PrefabInternal: {fileID: 100100000}
  m_GameObject: {fileID: 108178}
  m_LocalRotation: {x: 5.82398643e-11, y: 1.44978751e-09, z: .00524185225, w: .999986291}
  m_LocalPosition: {x: -.111364707, y: 1.49011609e-10, z: 1.3322676e-17}
  m_LocalScale: {x: 1, y: 1, z: 1}
  m_Children:
  - {fileID: 430150}
  m_Father: {fileID: 440830}
  m_RootOrder: 0
--- !u!4 &455312
Transform:
  m_ObjectHideFlags: 1
  m_PrefabParentObject: {fileID: 0}
  m_PrefabInternal: {fileID: 100100000}
  m_GameObject: {fileID: 199640}
  m_LocalRotation: {x: -.0610837042, y: .998077035, z: -.00981723424, w: -.00383101683}
  m_LocalPosition: {x: 3.81469718e-08, y: 2.16066831e-09, z: -.115124226}
  m_LocalScale: {x: 1, y: 1, z: 1}
  m_Children:
  - {fileID: 460542}
  m_Father: {fileID: 452704}
  m_RootOrder: 1
--- !u!4 &457012
Transform:
  m_ObjectHideFlags: 1
  m_PrefabParentObject: {fileID: 0}
  m_PrefabInternal: {fileID: 100100000}
  m_GameObject: {fileID: 193272}
  m_LocalRotation: {x: .497598648, y: -.502389967, z: -.497598559, w: .502389908}
  m_LocalPosition: {x: -4.53772769e-10, y: .461704552, z: .000764347962}
  m_LocalScale: {x: 1, y: 1, z: 1}
  m_Children: []
  m_Father: {fileID: 464688}
  m_RootOrder: 14
--- !u!4 &460542
Transform:
  m_ObjectHideFlags: 1
  m_PrefabParentObject: {fileID: 0}
  m_PrefabInternal: {fileID: 100100000}
  m_GameObject: {fileID: 118958}
  m_LocalRotation: {x: -.019430954, y: -.00388587289, z: .156358078, w: .987501681}
  m_LocalPosition: {x: -.0940693393, y: -2.38418574e-09, z: 9.53674295e-09}
  m_LocalScale: {x: 1.00000036, y: 1.00000012, z: 1.00000012}
  m_Children:
  - {fileID: 462334}
  m_Father: {fileID: 455312}
  m_RootOrder: 0
--- !u!4 &462334
Transform:
  m_ObjectHideFlags: 1
  m_PrefabParentObject: {fileID: 0}
  m_PrefabInternal: {fileID: 100100000}
  m_GameObject: {fileID: 148766}
  m_LocalRotation: {x: .00893219002, y: .0027568629, z: -.34086138, w: .940067112}
  m_LocalPosition: {x: -.0661394373, y: 1.19209287e-09, z: 0}
  m_LocalScale: {x: 1.00000489, y: .999994397, z: 1}
  m_Children:
  - {fileID: 488274}
  m_Father: {fileID: 460542}
  m_RootOrder: 0
--- !u!4 &464688
Transform:
  m_ObjectHideFlags: 1
  m_PrefabParentObject: {fileID: 0}
  m_PrefabInternal: {fileID: 100100000}
  m_GameObject: {fileID: 124910}
  m_LocalRotation: {x: 0, y: 0, z: 0, w: 1}
  m_LocalPosition: {x: 0, y: 0, z: 0}
  m_LocalScale: {x: 1, y: 1, z: 1}
  m_Children:
  - {fileID: 499646}
  - {fileID: 441016}
  - {fileID: 439586}
  - {fileID: 487622}
  - {fileID: 423708}
  - {fileID: 435138}
  - {fileID: 477020}
  - {fileID: 483508}
  - {fileID: 434146}
  - {fileID: 452704}
  - {fileID: 478862}
  - {fileID: 443722}
  - {fileID: 439434}
  - {fileID: 415306}
  - {fileID: 457012}
  - {fileID: 427234}
  - {fileID: 405050}
  m_Father: {fileID: 0}
  m_RootOrder: 0
--- !u!4 &469522
Transform:
  m_ObjectHideFlags: 1
  m_PrefabParentObject: {fileID: 0}
  m_PrefabInternal: {fileID: 100100000}
  m_GameObject: {fileID: 177242}
  m_LocalRotation: {x: -.0089741461, y: -.00271439552, z: -.340866804, w: .940064907}
  m_LocalPosition: {x: -.0661394522, y: 1.19209287e-09, z: 9.53674295e-09}
  m_LocalScale: {x: .999994397, y: 1.00000525, z: .999999583}
  m_Children:
  - {fileID: 451700}
  m_Father: {fileID: 446768}
  m_RootOrder: 0
--- !u!4 &477020
Transform:
  m_ObjectHideFlags: 1
  m_PrefabParentObject: {fileID: 0}
  m_PrefabInternal: {fileID: 100100000}
  m_GameObject: {fileID: 162558}
  m_LocalRotation: {x: .635327041, y: .338059664, z: .338703305, w: .606098533}
  m_LocalPosition: {x: -.335322529, y: .363205433, z: -.00638519228}
  m_LocalScale: {x: .99999994, y: 1, z: 1}
  m_Children: []
  m_Father: {fileID: 464688}
  m_RootOrder: 6
--- !u!4 &478616
Transform:
  m_ObjectHideFlags: 1
  m_PrefabParentObject: {fileID: 0}
  m_PrefabInternal: {fileID: 100100000}
  m_GameObject: {fileID: 137492}
  m_LocalRotation: {x: -4.26325675e-14, y: 0, z: -0, w: 1}
  m_LocalPosition: {x: -.13428241, y: 0, z: 0}
  m_LocalScale: {x: .99999994, y: .99999994, z: 1}
  m_Children:
  - {fileID: 480636}
  m_Father: {fileID: 437034}
  m_RootOrder: 0
--- !u!4 &478862
Transform:
  m_ObjectHideFlags: 1
  m_PrefabParentObject: {fileID: 0}
  m_PrefabInternal: {fileID: 100100000}
  m_GameObject: {fileID: 113328}
  m_LocalRotation: {x: .500876069, y: -.499122441, z: -.500876009, w: .499122381}
  m_LocalPosition: {x: 4.36042566e-14, y: .215160251, z: -1.66766796e-07}
  m_LocalScale: {x: 1, y: 1, z: 1}
  m_Children: []
  m_Father: {fileID: 464688}
  m_RootOrder: 10
--- !u!4 &480636
Transform:
  m_ObjectHideFlags: 1
  m_PrefabParentObject: {fileID: 0}
  m_PrefabInternal: {fileID: 100100000}
  m_GameObject: {fileID: 151112}
  m_LocalRotation: {x: -4.26325675e-14, y: 0, z: -0, w: 1}
  m_LocalPosition: {x: -.134282395, y: 0, z: 9.09494681e-15}
  m_LocalScale: {x: .99999994, y: .99999994, z: 1}
  m_Children: []
  m_Father: {fileID: 478616}
  m_RootOrder: 0
--- !u!4 &481918
Transform:
  m_ObjectHideFlags: 1
  m_PrefabParentObject: {fileID: 0}
  m_PrefabInternal: {fileID: 100100000}
  m_GameObject: {fileID: 142000}
  m_LocalRotation: {x: .00741020497, y: .010327152, z: -.711226106, w: .702848375}
  m_LocalPosition: {x: -.0648918301, y: -.000978355412, z: .00860769488}
  m_LocalScale: {x: .999999821, y: .999999881, z: 1.00000012}
  m_Children:
  - {fileID: 432118}
  m_Father: {fileID: 490308}
  m_RootOrder: 0
--- !u!4 &483508
Transform:
  m_ObjectHideFlags: 1
  m_PrefabParentObject: {fileID: 0}
  m_PrefabInternal: {fileID: 100100000}
  m_GameObject: {fileID: 172958}
  m_LocalRotation: {x: -.00733250566, y: -.0102507537, z: .711227357, w: .70284915}
  m_LocalPosition: {x: -.397153854, y: .26736179, z: -.0087329708}
  m_LocalScale: {x: 1.00000012, y: .999999881, z: 1}
  m_Children: []
  m_Father: {fileID: 464688}
  m_RootOrder: 7
--- !u!4 &487304
Transform:
  m_ObjectHideFlags: 1
  m_PrefabParentObject: {fileID: 0}
  m_PrefabInternal: {fileID: 100100000}
  m_GameObject: {fileID: 169834}
  m_LocalRotation: {x: .0353120975, y: .956505001, z: .0162860639, w: .289112568}
  m_LocalPosition: {x: .012401619, y: -.000118824835, z: .278141826}
  m_LocalScale: {x: 1, y: 1, z: 1}
  m_Children:
  - {fileID: 411460}
  m_Father: {fileID: 430150}
  m_RootOrder: 1
--- !u!4 &487622
Transform:
  m_ObjectHideFlags: 1
  m_PrefabParentObject: {fileID: 0}
  m_PrefabInternal: {fileID: 100100000}
  m_GameObject: {fileID: 178024}
  m_LocalRotation: {x: -.276576847, y: -.65077275, z: .276576996, w: .65077281}
  m_LocalPosition: {x: -1.86496791e-08, y: .330842555, z: -.41550976}
  m_LocalScale: {x: 1, y: 1, z: 1}
  m_Children: []
  m_Father: {fileID: 464688}
  m_RootOrder: 3
--- !u!4 &488274
Transform:
  m_ObjectHideFlags: 1
  m_PrefabParentObject: {fileID: 0}
  m_PrefabInternal: {fileID: 100100000}
  m_GameObject: {fileID: 105972}
  m_LocalRotation: {x: 1.77816037e-08, y: -2.99948368e-08, z: -.510035038, w: .860153615}
  m_LocalPosition: {x: -.0647965744, y: 0, z: -9.53674295e-09}
  m_LocalScale: {x: 1, y: 1, z: 1}
  m_Children: []
  m_Father: {fileID: 462334}
  m_RootOrder: 0
--- !u!4 &490308
Transform:
  m_ObjectHideFlags: 1
  m_PrefabParentObject: {fileID: 0}
  m_PrefabInternal: {fileID: 100100000}
  m_GameObject: {fileID: 123070}
  m_LocalRotation: {x: -.694964826, y: .210505903, z: .19707337, w: .658690572}
  m_LocalPosition: {x: -.114081703, y: 0, z: -3.81469718e-08}
  m_LocalScale: {x: 1.00000012, y: .99999994, z: 1}
  m_Children:
  - {fileID: 481918}
  m_Father: {fileID: 411460}
  m_RootOrder: 0
--- !u!4 &494278
Transform:
  m_ObjectHideFlags: 1
  m_PrefabParentObject: {fileID: 0}
  m_PrefabInternal: {fileID: 100100000}
  m_GameObject: {fileID: 148372}
  m_LocalRotation: {x: -4.45203457e-10, y: 7.27390486e-08, z: -.00294153462, w: .999995708}
  m_LocalPosition: {x: -.4160043, y: 0, z: -4.54747341e-15}
  m_LocalScale: {x: .999999881, y: .999999821, z: .999999881}
  m_Children: []
  m_Father: {fileID: 422030}
  m_RootOrder: 0
--- !u!4 &499646
Transform:
  m_ObjectHideFlags: 1
  m_PrefabParentObject: {fileID: 0}
  m_PrefabInternal: {fileID: 100100000}
  m_GameObject: {fileID: 162484}
  m_LocalRotation: {x: .50000006, y: -.50000006, z: -.49999997, w: .49999997}
  m_LocalPosition: {x: 0, y: 0, z: 0}
  m_LocalScale: {x: 1, y: 1, z: 1}
  m_Children: []
  m_Father: {fileID: 464688}
  m_RootOrder: 0
--- !u!23 &2352314
MeshRenderer:
  m_ObjectHideFlags: 1
  m_PrefabParentObject: {fileID: 0}
  m_PrefabInternal: {fileID: 100100000}
  m_GameObject: {fileID: 138754}
  m_Enabled: 1
  m_CastShadows: 1
  m_ReceiveShadows: 1
  m_Materials:
  - {fileID: 2100000, guid: 82ae7f82029704a48a7bb001a6877084, type: 2}
  m_SubsetIndices: 
  m_StaticBatchRoot: {fileID: 0}
  m_UseLightProbes: 1
  m_ReflectionProbeUsage: 1
  m_ProbeAnchor: {fileID: 0}
  m_ScaleInLightmap: 1
  m_PreserveUVs: 0
  m_ImportantGI: 0
  m_AutoUVMaxDistance: .5
  m_AutoUVMaxAngle: 89
  m_LightmapParameters: {fileID: 0}
  m_SortingLayerID: 0
  m_SortingOrder: 0
--- !u!23 &2390248
MeshRenderer:
  m_ObjectHideFlags: 1
  m_PrefabParentObject: {fileID: 0}
  m_PrefabInternal: {fileID: 100100000}
  m_GameObject: {fileID: 164242}
  m_Enabled: 1
  m_CastShadows: 1
  m_ReceiveShadows: 1
  m_Materials:
  - {fileID: 2100000, guid: 82ae7f82029704a48a7bb001a6877084, type: 2}
  m_SubsetIndices: 
  m_StaticBatchRoot: {fileID: 0}
  m_UseLightProbes: 1
  m_ReflectionProbeUsage: 1
  m_ProbeAnchor: {fileID: 0}
  m_ScaleInLightmap: 1
  m_PreserveUVs: 0
  m_ImportantGI: 0
  m_AutoUVMaxDistance: .5
  m_AutoUVMaxAngle: 89
  m_LightmapParameters: {fileID: 0}
  m_SortingLayerID: 0
  m_SortingOrder: 0
--- !u!33 &3336538
MeshFilter:
  m_ObjectHideFlags: 1
  m_PrefabParentObject: {fileID: 0}
  m_PrefabInternal: {fileID: 100100000}
  m_GameObject: {fileID: 138754}
  m_Mesh: {fileID: 4300004, guid: 7e80ff70d90410442a85de65af2990c9, type: 3}
--- !u!33 &3387398
MeshFilter:
  m_ObjectHideFlags: 1
  m_PrefabParentObject: {fileID: 0}
  m_PrefabInternal: {fileID: 100100000}
  m_GameObject: {fileID: 164242}
  m_Mesh: {fileID: 4300002, guid: 7e80ff70d90410442a85de65af2990c9, type: 3}
--- !u!111 &11123624
Animation:
  m_ObjectHideFlags: 1
  m_PrefabParentObject: {fileID: 0}
  m_PrefabInternal: {fileID: 100100000}
  m_GameObject: {fileID: 124910}
  m_Enabled: 1
  serializedVersion: 3
  m_Animation: {fileID: 7400000, guid: 233e68943c446084daab2a55b1994635, type: 3}
  m_Animations:
  - {fileID: 7400000, guid: 233e68943c446084daab2a55b1994635, type: 3}
  - {fileID: 7400000, guid: 14c0cd0cbbb57e840b883f187525805b, type: 3}
  - {fileID: 7400000, guid: 86c4c2e736256eb4d824881f79bb0c4d, type: 3}
  - {fileID: 7400000, guid: ac61e911872e7d24b8e13b34e45ff836, type: 3}
  - {fileID: 7400000, guid: 5bbdc98e2dc58d541a302e7685921704, type: 3}
  - {fileID: 7400000, guid: 9f9b9bc4a6886b9459e8dd6088fd1fdc, type: 3}
  - {fileID: 7400000, guid: d2c2587359fd5ed4f8b869384b0a8584, type: 3}
  - {fileID: 7400000, guid: 2a813b6491584e742864caaaff5f89cb, type: 3}
  - {fileID: 7400000, guid: 5610d6eddf4396d4e8f65469ff58ebb8, type: 3}
  - {fileID: 7400000, guid: 2bc140ba4f420064a832ca1cdb9bf98e, type: 3}
  - {fileID: 7400000, guid: ce0ced0890c5ab24390f6a8aec768be5, type: 3}
  - {fileID: 7400000, guid: c489de020f473234cbf93e2f04bfc957, type: 3}
  - {fileID: 7400000, guid: bfe4e37f2244f664d855bb95f89d192c, type: 3}
  - {fileID: 7400000, guid: 80055b5b28bd55c46a307928bede3453, type: 3}
  - {fileID: 7400000, guid: 682563cf1ce81cb4fb6470bf9dbe911d, type: 3}
  - {fileID: 7400000, guid: 194454b404350574b990fdd240781af6, type: 3}
  - {fileID: 7400000, guid: b70ea9dac7130db48a11e6917084f810, type: 3}
  m_WrapMode: 0
  m_PlayAutomatically: 1
  m_AnimatePhysics: 0
  m_CullingType: 1
--- !u!137 &13712974
SkinnedMeshRenderer:
  m_ObjectHideFlags: 1
  m_PrefabParentObject: {fileID: 0}
  m_PrefabInternal: {fileID: 100100000}
  m_GameObject: {fileID: 123458}
  m_Enabled: 1
  m_CastShadows: 1
  m_ReceiveShadows: 1
  m_Materials:
  - {fileID: 2100000, guid: 82ae7f82029704a48a7bb001a6877084, type: 2}
  m_SubsetIndices: 
  m_StaticBatchRoot: {fileID: 0}
  m_UseLightProbes: 1
  m_ReflectionProbeUsage: 1
  m_ProbeAnchor: {fileID: 0}
  m_ScaleInLightmap: 1
  m_PreserveUVs: 0
  m_ImportantGI: 0
  m_AutoUVMaxDistance: .5
  m_AutoUVMaxAngle: 89
  m_LightmapParameters: {fileID: 0}
  m_SortingLayerID: 0
  m_SortingOrder: 0
  serializedVersion: 2
  m_Quality: 0
  m_UpdateWhenOffscreen: 0
  m_Mesh: {fileID: 4300006, guid: 7e80ff70d90410442a85de65af2990c9, type: 3}
  m_Bones:
  - {fileID: 462334}
  - {fileID: 488274}
  - {fileID: 494278}
  - {fileID: 460542}
  - {fileID: 452704}
  - {fileID: 455312}
  - {fileID: 440830}
  - {fileID: 469522}
  - {fileID: 446768}
  - {fileID: 451700}
  - {fileID: 414232}
  - {fileID: 437034}
  - {fileID: 430150}
  - {fileID: 453066}
  - {fileID: 478616}
  - {fileID: 415502}
  - {fileID: 440578}
  - {fileID: 487304}
  - {fileID: 411460}
  - {fileID: 480636}
  - {fileID: 408286}
  - {fileID: 490308}
  m_BlendShapeWeights: []
  m_RootBone: {fileID: 452704}
  m_AABB:
    m_Center: {x: -.572118759, y: .0411438346, z: -5.96046448e-08}
    m_Extent: {x: .853296757, y: .578345358, z: .512279868}
  m_DirtyAABB: 0
--- !u!1001 &100100000
Prefab:
  m_ObjectHideFlags: 1
  serializedVersion: 2
  m_Modification:
    m_TransformParent: {fileID: 0}
    m_Modifications:
    - target: {fileID: 0}
      propertyPath: m_Animations.Array.size
      value: 17
      objectReference: {fileID: 0}
    - target: {fileID: 0}
      propertyPath: m_Animations.Array.data[15]
      value: 
      objectReference: {fileID: 7400000, guid: 194454b404350574b990fdd240781af6, type: 3}
    m_RemovedComponents: []
  m_ParentPrefab: {fileID: 0}
  m_RootGameObject: {fileID: 124910}
  m_IsPrefabParent: 1
